match_id,player1,player2,elapsed_time,set_no,game_no,point_no,p1_sets,p2_sets,p1_games,p2_games,p1_score,p2_score,server,serve_no,point_victor,p1_points_won,p2_points_won,game_victor,set_victor,p1_ace,p2_ace,p1_winner,p2_winner,winner_shot_type,p1_double_fault,p2_double_fault,p1_unf_err,p2_unf_err,p1_net_pt,p2_net_pt,p1_net_pt_won,p2_net_pt_won,p1_break_pt,p2_break_pt,p1_break_pt_won,p2_break_pt_won,p1_break_pt_missed,p2_break_pt_missed,p1_distance_run,p2_distance_run,rally_count,speed_mph,serve_width,serve_depth,return_depth,elapsed_time_td,elapsed_seconds,global_point_idx,point_diff,p1_rolling_win_rate_5,p1_rolling_win_rate_10,p1_streak,p2_streak,p1_streak_prev,p2_streak_prev,is_p1_serving,server_won,games_in_set,sets_played,is_break_point,is_key_point,point_duration,momentum,momentum_state
2023-wimbledon-1301,Carlos Alcaraz,Nicolas Jarry,00:00:00,1,1,1,0,0,0,0,0,0,1,2,2,0,1,0,0,0,0,0,0,0,0,0,1,0,0,0,0,0,0,0,0,0,0,0,6.0,7.84,2,95.0,BC,NCTL,ND,0 days 00:00:00,0.0,1,-1,,,0,1,0.0,0.0,1,0,0,0,0,0,0.0,-1.5384615384615383,P2_Slight
2023-wimbledon-1301,Carlos Alcaraz,Nicolas Jarry,00:00:38,1,1,2,0,0,0,0,0,15,1,1,1,1,1,0,0,0,0,0,0,0,0,0,0,0,0,0,0,0,0,0,0,0,0,0,5.253,7.094,1,118.0,B,CTL,ND,0 days 00:00:38,38.0,2,0,0.0,0.0,1,0,0.0,1.0,1,1,0,0,0,0,38.0,-0.8576923076923075,Neutral
2023-wimbledon-1301,Carlos Alcaraz,Nicolas Jarry,00:01:01,1,1,3,0,0,0,0,15,15,1,1,2,1,2,0,0,0,0,0,0,0,0,0,1,0,0,0,0,0,0,0,0,0,0,0,13.8,19.808,4,120.0,B,NCTL,D,0 days 00:01:01,61.0,3,-1,0.5,0.5,0,1,1.0,0.0,1,0,0,0,0,0,23.0,-2.3789999999999996,P2_Strong
2023-wimbledon-1301,Carlos Alcaraz,Nicolas Jarry,00:01:31,1,1,4,0,0,0,0,15,30,1,1,1,2,2,0,0,0,0,1,0,F,0,0,0,0,0,1,0,0,0,0,0,0,0,0,51.108,75.631,13,130.0,BW,CTL,D,0 days 00:01:31,91.0,4,0,0.3333333333333333,0.3333333333333333,1,0,0.0,1.0,1,1,0,0,0,0,30.0,-1.6814199999999997,P2_Slight
2023-wimbledon-1301,Carlos Alcaraz,Nicolas Jarry,00:02:21,1,1,5,0,0,0,0,30,30,1,1,1,3,2,0,0,1,0,1,0,0,0,0,0,0,0,0,0,0,0,0,0,0,0,0,0.649,0.813,1,112.0,W,NCTL,NA_ace,0 days 00:02:21,141.0,5,1,0.5,0.5,2,0,1.0,0.0,1,1,0,0,0,0,50.0,-0.9327915999999996,Neutral
2023-wimbledon-1301,Carlos Alcaraz,Nicolas Jarry,00:02:50,1,1,6,0,0,0,0,40,30,1,2,2,3,3,0,0,0,0,0,0,0,0,0,0,0,0,0,0,0,0,0,0,0,0,0,5.291,4.249,2,97.0,BW,NCTL,ND,0 days 00:02:50,170.0,6,0,0.6,0.6,0,1,2.0,0.0,1,0,0,0,0,0,29.0,-2.4525973064615383,P2_Strong
2023-wimbledon-1301,Carlos Alcaraz,Nicolas Jarry,00:03:33,1,1,7,0,0,0,0,40,40,1,1,1,4,3,0,0,1,0,1,0,0,0,0,0,0,0,0,0,0,0,0,0,0,0,0,6.817,17.821,1,109.0,W,CTL,D,0 days 00:03:33,213.0,7,1,0.6,0.5,1,0,0.0,1.0,1,1,0,0,0,1,43.0,-1.6235453603323076,P2_Slight
2023-wimbledon-1301,Carlos Alcaraz,Nicolas Jarry,00:04:01,1,1,8,0,0,0,0,AD,40,1,2,2,4,4,0,0,0,0,0,1,F,0,0,0,0,0,1,0,1,0,0,0,0,0,0,17.503,18.067,6,105.0,B,NCTL,ND,0 days 00:04:01,241.0,8,0,0.6,0.5714285714285714,0,1,1.0,0.0,1,0,0,0,0,1,28.0,-3.437228299279507,P2_Strong
2023-wimbledon-1301,Carlos Alcaraz,Nicolas Jarry,00:04:48,1,1,9,0,0,0,0,40,40,1,1,1,5,4,0,0,0,0,0,0,0,0,0,0,0,1,0,1,0,0,0,0,0,0,0,34.489,24.594,7,128.0,BC,CTL,D,0 days 00:04:48,288.0,9,1,0.6,0.5,1,0,0.0,1.0,1,1,0,0,0,1,47.0,-2.588483733293917,P2_Strong
2023-wimbledon-1301,Carlos Alcaraz,Nicolas Jarry,00:05:32,1,1,10,0,0,0,0,AD,40,1,1,1,6,4,1,0,0,0,0,0,0,0,0,0,0,0,0,0,0,0,0,0,0,0,0,21.235,27.427,5,110.0,B,NCTL,ND,0 days 00:05:32,332.0,10,2,0.6,0.5555555555555556,2,0,1.0,0.0,1,1,0,0,0,1,44.0,-1.6787140586280382,P2_Slight
2023-wimbledon-1301,Carlos Alcaraz,Nicolas Jarry,00:07:05,1,2,11,0,0,1,0,0,0,2,1,2,6,5,0,0,0,1,0,1,0,0,0,0,0,0,0,0,0,0,0,0,0,0,0,5.785,4.915,1,112.0,W,CTL,D,0 days 00:07:05,425.0,11,1,0.6,0.6,0,1,2.0,0.0,0,1,1,0,0,0,93.0,-2.2951397774554776,P2_Strong
2023-wimbledon-1301,Carlos Alcaraz,Nicolas Jarry,00:07:28,1,2,12,0,0,1,0,0,15,2,1,1,7,5,0,0,0,0,0,0,0,0,0,0,0,0,0,0,0,0,0,0,0,0,0,19.744,18.244,4,130.0,W,NCTL,D,0 days 00:07:28,448.0,12,2,0.6,0.6,1,0,0.0,1.0,0,0,1,0,0,0,23.0,-0.7107754434448297,Neutral
2023-wimbledon-1301,Carlos Alcaraz,Nicolas Jarry,00:08:06,1,2,13,0,0,1,0,15,15,2,1,1,8,5,0,0,0,0,0,0,0,0,0,0,1,0,0,0,0,0,0,0,0,0,0,26.013,18.626,4,120.0,C,NCTL,D,0 days 00:08:06,486.0,13,3,0.6,0.6,2,0,1.0,0.0,0,0,1,0,0,0,38.0,0.9957477577317592,Neutral
2023-wimbledon-1301,Carlos Alcaraz,Nicolas Jarry,00:08:41,1,2,14,0,0,1,0,30,15,2,1,2,8,6,0,0,0,0,0,1,F,0,0,0,0,0,0,0,0,0,0,0,0,0,0,10.667,7.112,3,128.0,W,NCTL,ND,0 days 00:08:41,521.0,14,2,0.8,0.7,0,1,2.0,0.0,0,1,1,0,0,0,35.0,0.32583280257712394,Neutral
2023-wimbledon-1301,Carlos Alcaraz,Nicolas Jarry,00:09:11,1,2,15,0,0,1,0,30,30,2,1,2,8,7,0,0,0,0,0,0,0,0,0,0,0,0,0,0,0,0,0,0,0,0,0,3.399,2.237,1,130.0,C,NCTL,ND,0 days 00:09:11,551.0,15,1,0.6,0.6,0,2,0.0,1.0,0,1,1,0,0,0,30.0,-0.39568385347441865,Neutral
2023-wimbledon-1301,Carlos Alcaraz,Nicolas Jarry,00:09:37,1,2,16,0,0,1,0,30,40,2,2,1,9,7,0,0,0,0,0,0,0,0,0,0,0,0,0,0,0,0,0,0,0,0,0,5.3,4.307,2,97.0,BW,NCTL,D,0 days 00:09:37,577.0,16,2,0.4,0.5,1,0,0.0,2.0,0,0,1,0,0,0,26.0,1.150691362056608,P1_Slight
2023-wimbledon-1301,Carlos Alcaraz,Nicolas Jarry,00:10:20,1,2,17,0,0,1,0,40,40,2,1,2,9,8,0,0,0,0,0,0,0,0,0,0,0,0,0,0,0,0,0,0,0,0,0,5.245,5.499,1,124.0,BC,NCTL,Unknown,0 days 00:10:20,620.0,17,1,0.6,0.6,0,1,1.0,0.0,0,1,1,0,0,1,43.0,0.34767753481547575,Neutral
2023-wimbledon-1301,Carlos Alcaraz,Nicolas Jarry,00:10:45,1,2,18,0,0,1,0,40,AD,2,1,2,9,9,2,0,0,0,0,1,F,0,0,0,0,0,1,0,1,0,0,0,0,0,0,15.194,16.594,3,116.0,C,NCTL,ND,0 days 00:10:45,645.0,18,0,0.4,0.5,0,2,0.0,1.0,0,1,1,0,0,1,25.0,-0.5172760158808339,Neutral
2023-wimbledon-1301,Carlos Alcaraz,Nicolas Jarry,00:11:24,1,3,19,0,0,1,1,0,0,1,1,1,10,9,0,0,1,0,1,0,0,0,0,0,0,0,0,0,0,0,0,0,0,0,0,0.899,1.073,1,126.0,C,CTL,NA_ace,0 days 00:11:24,684.0,19,1,0.2,0.5,1,0,0.0,2.0,1,1,2,0,0,0,39.0,0.14306950443678276,Neutral
2023-wimbledon-1301,Carlos Alcaraz,Nicolas Jarry,00:11:47,1,3,20,0,0,1,1,15,0,1,1,1,11,9,0,0,0,0,0,0,0,0,0,0,0,0,0,0,0,0,0,0,0,0,0,18.088,34.756,5,127.0,W,CTL,D,0 days 00:11:47,707.0,20,2,0.4,0.5,2,0,1.0,0.0,1,1,2,0,0,0,23.0,0.8552081143480472,Neutral
2023-wimbledon-1301,Carlos Alcaraz,Nicolas Jarry,00:12:17,1,3,21,0,0,1,1,30,0,1,1,2,11,10,0,0,0,0,0,0,0,0,0,0,0,0,0,0,0,0,0,0,0,0,0,7.288,10.818,2,114.0,BW,NCTL,D,0 days 00:12:17,737.0,21,1,0.6,0.5,0,1,2.0,0.0,1,0,2,0,0,0,30.0,-0.7003575864004521,Neutral
2023-wimbledon-1301,Carlos Alcaraz,Nicolas Jarry,00:12:44,1,3,22,0,0,1,1,30,15,1,1,1,12,10,0,0,0,0,0,0,0,0,0,0,1,0,0,0,0,0,0,0,0,0,0,42.166,32.944,9,127.0,B,NCTL,ND,0 days 00:12:44,764.0,22,2,0.4,0.5,1,0,0.0,1.0,1,1,2,0,0,0,27.0,-0.036350434672443026,Neutral
2023-wimbledon-1301,Carlos Alcaraz,Nicolas Jarry,00:13:26,1,3,23,0,0,1,1,40,15,1,2,1,13,10,1,0,0,0,0,0,0,0,0,0,0,0,0,0,0,0,0,0,0,0,0,3.782,4.479,1,103.0,BC,NCTL,D,0 days 00:13:26,806.0,23,3,0.6,0.5,2,0,1.0,0.0,1,1,2,0,0,0,42.0,0.6793765740210059,Neutral
2023-wimbledon-1301,Carlos Alcaraz,Nicolas Jarry,00:15:31,1,4,24,0,0,2,1,0,0,2,2,2,13,11,0,0,0,0,0,0,0,0,0,1,0,0,0,0,0,0,0,0,0,0,0,12.601,13.713,3,107.0,BC,NCTL,ND,0 days 00:15:31,931.0,24,2,0.8,0.5,0,1,2.0,0.0,0,1,3,0,0,0,125.0,0.015789042540585788,Neutral
2023-wimbledon-1301,Carlos Alcaraz,Nicolas Jarry,00:16:15,1,4,25,0,0,2,1,0,15,2,1,2,13,12,0,0,0,0,0,0,0,0,0,0,0,0,0,0,0,0,0,0,0,0,0,14.925,13.976,3,111.0,BW,NCTL,ND,0 days 00:16:15,975.0,25,1,0.6,0.5,0,2,0.0,1.0,0,1,3,0,0,0,44.0,-0.699526738310226,Neutral
2023-wimbledon-1301,Carlos Alcaraz,Nicolas Jarry,00:16:47,1,4,26,0,0,2,1,0,30,2,1,2,13,13,0,0,0,1,0,1,0,0,0,0,0,0,0,0,0,0,0,0,0,0,0,0.903,1.067,1,125.0,C,NCTL,NA_ace,0 days 00:16:47,1007.0,26,0,0.4,0.5,0,3,0.0,2.0,0,1,3,0,0,0,32.0,-1.4655362035440216,P2_Slight
2023-wimbledon-1301,Carlos Alcaraz,Nicolas Jarry,00:17:08,1,4,27,0,0,2,1,0,40,2,1,2,13,14,2,0,0,0,0,1,F,0,0,0,0,0,0,0,0,0,0,0,0,0,0,20.027,7.402,3,126.0,W,NCTL,Unknown,0 days 00:17:08,1028.0,27,-1,0.4,0.4,0,4,0.0,3.0,0,1,3,0,0,0,21.0,-2.2812254794731412,P2_Strong
2023-wimbledon-1301,Carlos Alcaraz,Nicolas Jarry,00:17:49,1,5,28,0,0,2,2,0,0,1,1,1,14,14,0,0,0,0,1,0,F,0,0,0,0,0,0,0,0,0,0,0,0,0,0,15.352,29.366,5,116.0,W,CTL,ND,0 days 00:17:49,1069.0,28,0,0.2,0.4,1,0,0.0,4.0,1,1,4,0,0,0,41.0,-1.5856009698836786,P2_Slight
2023-wimbledon-1301,Carlos Alcaraz,Nicolas Jarry,00:18:25,1,5,29,0,0,2,2,15,0,1,1,1,15,14,0,0,0,0,0,0,0,0,0,0,0,0,0,0,0,0,0,0,0,0,0,4.285,8.276,1,129.0,C,NCTL,ND,0 days 00:18:25,1105.0,29,1,0.2,0.5,2,0,1.0,0.0,1,1,4,0,0,0,36.0,-0.838888950486005,Neutral
2023-wimbledon-1301,Carlos Alcaraz,Nicolas Jarry,00:18:50,1,5,30,0,0,2,2,30,0,1,1,1,16,14,0,0,0,0,0,0,0,0,0,0,0,1,0,1,0,0,0,0,0,0,0,11.974,12.523,3,110.0,BC,NCTL,ND,0 days 00:18:50,1130.0,30,2,0.4,0.5,3,0,2.0,0.0,1,1,4,0,0,0,25.0,-0.042111171476284855,Neutral
2023-wimbledon-1301,Carlos Alcaraz,Nicolas Jarry,00:19:20,1,5,31,0,0,2,2,40,0,1,2,2,16,15,0,0,0,0,0,0,0,0,0,1,0,0,0,0,0,0,0,0,0,0,0,5.609,6.965,2,113.0,BC,NCTL,ND,0 days 00:19:20,1160.0,31,1,0.6,0.5,0,1,3.0,0.0,1,0,4,0,0,0,30.0,-1.5797304865082975,P2_Slight
2023-wimbledon-1301,Carlos Alcaraz,Nicolas Jarry,00:20:03,1,5,32,0,0,2,2,40,15,1,2,2,16,16,0,0,0,0,0,0,0,0,0,0,0,0,0,0,0,0,0,0,0,0,0,8.518,12.74,2,104.0,BC,NCTL,D,0 days 00:20:03,1203.0,32,0,0.6,0.5,0,2,0.0,1.0,1,0,4,0,0,0,43.0,-3.2404435690858238,P2_Strong
2023-wimbledon-1301,Carlos Alcaraz,Nicolas Jarry,00:20:55,1,5,33,0,0,2,2,40,30,1,1,2,16,17,0,0,0,0,0,0,0,0,0,1,0,0,0,0,0,0,0,0,0,0,0,8.859,11.439,2,111.0,B,CTL,D,0 days 00:20:55,1255.0,33,-1,0.6,0.4,0,3,0.0,2.0,1,0,4,0,0,0,52.0,-5.021788543857953,P2_Strong
2023-wimbledon-1301,Carlos Alcaraz,Nicolas Jarry,00:21:27,1,5,34,0,0,2,2,40,40,1,2,1,17,17,0,0,0,0,0,0,0,0,0,0,0,1,0,1,0,0,0,0,0,0,0,30.782,25.6,5,97.0,C,CTL,D,0 days 00:21:27,1287.0,34,0,0.4,0.3,1,0,0.0,3.0,1,1,4,0,0,1,32.0,-4.1413527729807935,P2_Strong
2023-wimbledon-1301,Carlos Alcaraz,Nicolas Jarry,00:22:19,1,5,35,0,0,2,2,AD,40,1,1,1,18,17,1,0,0,0,0,0,0,0,0,0,0,1,0,1,0,0,0,0,0,0,0,6.824,9.574,1,114.0,C,NCTL,D,0 days 00:22:19,1339.0,35,1,0.4,0.4,2,0,1.0,0.0,1,1,4,0,0,1,52.0,-3.2005257175211774,P2_Strong
2023-wimbledon-1301,Carlos Alcaraz,Nicolas Jarry,00:24:22,1,6,36,0,0,3,2,0,0,2,1,2,18,18,0,0,0,0,0,0,0,0,0,0,0,0,0,0,0,0,0,0,0,0,0,7.809,6.11,1,110.0,W,CTL,ND,0 days 00:24:22,1462.0,36,0,0.4,0.5,0,1,2.0,0.0,0,1,5,0,0,0,123.0,-3.7865152031707536,P2_Strong
2023-wimbledon-1301,Carlos Alcaraz,Nicolas Jarry,00:24:53,1,6,37,0,0,3,2,0,15,2,2,1,19,18,0,0,0,0,0,0,0,0,0,0,1,0,0,0,0,0,0,0,0,0,0,29.094,29.593,6,90.0,BW,NCTL,ND,0 days 00:24:53,1493.0,37,1,0.4,0.5,1,0,0.0,1.0,0,0,5,0,0,0,31.0,-2.1723233606458003,P2_Strong
2023-wimbledon-1301,Carlos Alcaraz,Nicolas Jarry,00:26:05,1,6,38,0,0,3,2,15,15,2,1,2,19,19,0,0,0,0,0,0,0,0,0,0,0,0,0,0,0,0,0,0,0,0,0,6.815,5.189,1,125.0,C,NCTL,D,0 days 00:26:05,1565.0,38,0,0.6,0.6,0,1,1.0,0.0,0,1,5,0,0,0,72.0,-2.7788768934328845,P2_Strong
2023-wimbledon-1301,Carlos Alcaraz,Nicolas Jarry,00:26:30,1,6,39,0,0,3,2,15,30,2,1,2,19,20,0,0,0,0,0,0,0,0,0,0,0,0,0,0,0,0,0,0,0,0,0,2.678,2.617,1,127.0,B,NCTL,ND,0 days 00:26:30,1590.0,39,-1,0.6,0.5,0,2,0.0,1.0,0,1,5,0,0,0,25.0,-3.4382993555642267,P2_Strong
2023-wimbledon-1301,Carlos Alcaraz,Nicolas Jarry,00:26:56,1,6,40,0,0,3,2,15,40,2,2,2,19,21,2,0,0,0,0,0,0,0,0,0,0,0,0,0,0,0,0,0,0,0,0,5.043,4.667,1,111.0,BW,NCTL,ND,0 days 00:26:56,1616.0,40,-2,0.4,0.4,0,3,0.0,2.0,0,1,5,0,0,0,26.0,-4.149533368452943,P2_Strong
2023-wimbledon-1301,Carlos Alcaraz,Nicolas Jarry,00:27:42,1,7,41,0,0,3,3,0,0,1,2,1,20,21,0,0,0,0,1,0,B,0,0,0,0,0,1,0,0,0,0,0,0,0,0,34.233,32.677,9,107.0,BW,NCTL,ND,0 days 00:27:42,1662.0,41,-1,0.2,0.3,1,0,0.0,3.0,1,1,6,0,0,0,46.0,-3.416542701083884,P2_Strong
2023-wimbledon-1301,Carlos Alcaraz,Nicolas Jarry,00:28:37,1,7,42,0,0,3,3,15,0,1,1,1,21,21,0,0,0,0,0,0,0,0,0,0,1,0,1,0,0,0,0,0,0,0,0,9.872,19.138,3,120.0,C,NCTL,ND,0 days 00:28:37,1717.0,42,0,0.4,0.4,2,0,1.0,0.0,1,1,6,0,0,0,55.0,-2.6332118470622063,P2_Strong
2023-wimbledon-1301,Carlos Alcaraz,Nicolas Jarry,00:29:06,1,7,43,0,0,3,3,30,0,1,1,1,22,21,0,0,0,0,1,0,F,0,0,0,0,0,0,0,0,0,0,0,0,0,0,6.277,11.043,3,115.0,W,CTL,ND,0 days 00:29:06,1746.0,43,1,0.4,0.5,3,0,2.0,0.0,1,1,6,0,0,0,29.0,-1.800547610120962,P2_Slight
2023-wimbledon-1301,Carlos Alcaraz,Nicolas Jarry,00:29:32,1,7,44,0,0,3,3,40,0,1,2,2,22,22,0,0,0,0,0,0,0,0,0,0,0,0,0,0,0,0,0,0,0,0,0,18.076,18.664,6,104.0,BW,NCTL,D,0 days 00:29:32,1772.0,44,0,0.6,0.6,0,1,3.0,0.0,1,0,6,0,0,0,26.0,-3.302998196380081,P2_Strong
2023-wimbledon-1301,Carlos Alcaraz,Nicolas Jarry,00:30:17,1,7,45,0,0,3,3,40,15,1,2,1,23,22,1,0,0,0,0,0,0,0,0,0,0,0,1,0,0,0,0,0,0,0,0,31.727,25.324,5,101.0,B,NCTL,D,0 days 00:30:17,1817.0,45,1,0.6,0.5,1,0,0.0,1.0,1,1,6,0,0,0,45.0,-2.5869382324524794,P2_Strong
2023-wimbledon-1301,Carlos Alcaraz,Nicolas Jarry,00:32:34,1,8,46,0,0,4,3,0,0,2,1,2,23,23,0,0,0,0,0,0,0,0,0,0,0,0,0,0,0,0,0,0,0,0,0,5.879,4.853,1,132.0,C,CTL,D,0 days 00:32:34,1954.0,46,0,0.8,0.5,0,1,1.0,0.0,0,1,7,0,0,0,137.0,-3.1851994678034297,P2_Strong
2023-wimbledon-1301,Carlos Alcaraz,Nicolas Jarry,00:32:57,1,8,47,0,0,4,3,0,15,2,2,1,24,23,0,0,0,0,0,0,0,0,1,0,1,0,0,0,0,0,0,0,0,0,0,0.929,0.93,0,99.0,W,CTL,Unknown,0 days 00:32:57,1977.0,47,1,0.6,0.5,1,0,0.0,1.0,0,0,7,0,0,0,23.0,-1.5830339399858226,P2_Slight
2023-wimbledon-1301,Carlos Alcaraz,Nicolas Jarry,00:33:33,1,8,48,0,0,4,3,15,15,2,1,2,24,24,0,0,0,1,0,1,0,0,0,0,0,0,0,0,0,0,0,0,0,0,0,1.427,0.849,1,130.0,C,CTL,NA_ace,0 days 00:33:33,2013.0,48,0,0.6,0.5,0,1,1.0,0.0,0,1,7,0,0,0,36.0,-2.2013732611861063,P2_Strong
2023-wimbledon-1301,Carlos Alcaraz,Nicolas Jarry,00:33:58,1,8,49,0,0,4,3,15,30,2,2,1,25,24,0,0,0,0,0,0,0,0,0,0,1,0,0,0,0,0,0,0,0,0,0,17.838,18.464,6,101.0,BW,NCTL,D,0 days 00:33:58,2038.0,49,1,0.4,0.5,1,0,0.0,1.0,0,0,7,0,0,0,25.0,-0.6188842575008459,Neutral
2023-wimbledon-1301,Carlos Alcaraz,Nicolas Jarry,00:34:46,1,8,50,0,0,4,3,30,30,2,2,1,26,24,0,0,0,0,1,0,F,0,0,0,0,0,1,0,0,0,0,0,0,0,0,61.781,54.356,16,106.0,B,NCTL,D,0 days 00:34:46,2086.0,50,2,0.6,0.6,2,0,1.0,0.0,0,0,7,0,0,0,48.0,1.0858011199568636,P1_Slight
2023-wimbledon-1301,Carlos Alcaraz,Nicolas Jarry,00:36:02,1,8,51,0,0,4,3,40,30,2,2,1,27,24,1,0,0,0,0,0,0,0,0,0,1,0,0,0,0,1,0,1,0,0,0,29.677,19.121,6,106.0,B,NCTL,ND,0 days 00:36:02,2162.0,51,3,0.6,0.7,3,0,2.0,0.0,0,0,7,0,1,1,76.0,3.833315866788495,P1_Strong
2023-wimbledon-1301,Carlos Alcaraz,Nicolas Jarry,00:37:18,1,9,52,0,0,5,3,0,0,1,1,1,28,24,0,0,0,0,0,0,0,0,0,0,0,0,0,0,0,0,0,0,0,0,0,3.341,4.725,1,115.0,BW,NCTL,D,0 days 00:37:18,2238.0,52,4,0.8,0.7,4,0,3.0,0.0,1,1,8,0,0,0,76.0,4.601649549452725,P1_Strong
2023-wimbledon-1301,Carlos Alcaraz,Nicolas Jarry,00:37:44,1,9,53,0,0,5,3,15,0,1,2,2,28,25,0,0,0,0,0,0,0,0,0,0,0,0,0,0,0,0,0,0,0,0,0,5.528,7.524,2,100.0,BW,NCTL,D,0 days 00:37:44,2264.0,53,3,0.8,0.7,0,1,4.0,0.0,1,0,8,0,0,0,26.0,2.9711550200021324,P1_Strong
2023-wimbledon-1301,Carlos Alcaraz,Nicolas Jarry,00:38:26,1,9,54,0,0,5,3,15,15,1,1,1,29,25,0,0,0,0,0,0,0,0,0,0,0,0,0,0,0,0,0,0,0,0,0,4.227,6.116,1,122.0,BC,NCTL,D,0 days 00:38:26,2306.0,54,4,0.8,0.6,1,0,0.0,1.0,1,1,8,0,0,0,42.0,3.5617319196020896,P1_Strong
2023-wimbledon-1301,Carlos Alcaraz,Nicolas Jarry,00:38:54,1,9,55,0,0,5,3,30,15,1,1,2,29,26,0,0,0,0,0,0,0,0,0,0,0,1,0,0,0,0,0,0,0,0,0,11.654,11.702,4,115.0,C,NCTL,ND,0 days 00:38:54,2334.0,55,3,0.8,0.7,0,1,1.0,0.0,1,0,8,0,0,0,28.0,1.9520357427485096,P1_Slight
2023-wimbledon-1301,Carlos Alcaraz,Nicolas Jarry,00:39:29,1,9,56,0,0,5,3,30,30,1,1,1,30,26,0,0,0,0,0,0,0,0,0,0,0,1,0,1,0,0,0,0,0,0,0,11.34,11.519,3,129.0,C,NCTL,ND,0 days 00:39:29,2369.0,56,4,0.6,0.6,1,0,0.0,1.0,1,1,8,0,0,0,35.0,2.5629950278935394,P1_Strong
2023-wimbledon-1301,Carlos Alcaraz,Nicolas Jarry,00:40:01,1,9,57,0,0,5,3,40,30,1,1,2,30,27,0,0,0,0,0,0,0,0,0,1,0,1,0,0,0,0,0,0,0,0,0,9.299,8.077,2,113.0,BW,NCTL,Unknown,0 days 00:40:01,2401.0,57,3,0.6,0.7,0,1,1.0,0.0,1,0,8,0,0,0,32.0,0.9732735888741303,Neutral
2023-wimbledon-1301,Carlos Alcaraz,Nicolas Jarry,00:40:33,1,9,58,0,0,5,3,40,40,1,1,1,31,27,0,0,0,0,0,0,0,0,0,0,0,0,1,0,0,0,0,0,0,0,0,31.428,29.751,7,114.0,BW,NCTL,D,0 days 00:40:33,2433.0,58,4,0.4,0.6,1,0,0.0,1.0,1,1,8,0,0,1,32.0,1.7338081170966477,P1_Slight
2023-wimbledon-1301,Carlos Alcaraz,Nicolas Jarry,00:41:23,1,9,59,0,0,5,3,AD,40,1,2,2,31,28,0,0,0,0,0,1,F,0,0,0,0,0,1,0,1,0,0,0,0,0,0,16.514,17.962,4,88.0,BW,NCTL,ND,0 days 00:41:23,2483.0,59,3,0.6,0.7,0,1,1.0,0.0,1,0,8,0,0,1,50.0,-0.14702189139913105,Neutral
2023-wimbledon-1301,Carlos Alcaraz,Nicolas Jarry,00:42:31,1,9,60,0,0,5,3,40,40,1,1,2,31,29,0,0,0,0,0,1,F,0,0,0,0,0,1,0,1,0,0,0,0,0,0,21.882,23.411,6,123.0,BC,NCTL,D,0 days 00:42:31,2551.0,60,2,0.4,0.6,0,2,0.0,1.0,1,0,8,0,0,1,68.0,-2.174850684340379,P2_Strong
2023-wimbledon-1301,Carlos Alcaraz,Nicolas Jarry,00:43:18,1,9,61,0,0,5,3,40,AD,1,1,1,32,29,0,0,0,0,1,0,B,0,0,0,0,0,0,0,0,0,1,0,0,0,1,18.705,28.259,7,121.0,BC,NCTL,ND,0 days 00:43:18,2598.0,61,3,0.4,0.5,1,0,0.0,2.0,1,1,8,0,1,1,47.0,-1.1563536706535715,P2_Slight
2023-wimbledon-1301,Carlos Alcaraz,Nicolas Jarry,00:43:59,1,9,62,0,0,5,3,40,40,1,1,1,33,29,0,0,0,0,0,0,0,0,0,0,0,0,0,0,0,0,0,0,0,0,0,2.109,3.14,1,130.0,C,NCTL,ND,0 days 00:43:59,2639.0,62,4,0.4,0.5,2,0,1.0,0.0,1,1,8,0,0,1,41.0,-0.2752265972405,Neutral
2023-wimbledon-1301,Carlos Alcaraz,Nicolas Jarry,00:44:29,1,9,63,0,0,5,3,AD,40,1,1,1,34,29,1,1,0,0,0,0,0,0,0,0,1,1,0,1,0,0,0,0,0,0,0,16.592,19.606,3,132.0,BW,NCTL,ND,0 days 00:44:29,2669.0,63,5,0.6,0.5,3,0,2.0,0.0,1,1,8,0,0,1,30.0,0.66627793470431,Neutral
2023-wimbledon-1301,Carlos Alcaraz,Nicolas Jarry,00:47:04,2,1,64,1,0,0,0,0,0,2,1,2,34,30,0,0,0,1,0,1,0,0,0,0,0,0,0,0,0,0,0,0,0,0,0,1.621,0.843,1,123.0,C,NCTL,NA_ace,0 days 00:47:04,2824.0,64,4,0.6,0.6,0,1,3.0,0.0,0,1,0,1,0,0,155.0,0.002952376010223738,Neutral
2023-wimbledon-1301,Carlos Alcaraz,Nicolas Jarry,00:47:27,2,1,65,1,0,0,0,0,15,2,1,2,34,31,0,0,0,1,0,1,0,0,0,0,0,0,0,0,0,0,0,0,0,0,0,0.896,0.864,1,117.0,C,NCTL,NA_ace,0 days 00:47:27,2847.0,65,3,0.6,0.5,0,2,0.0,1.0,0,1,0,1,0,0,23.0,-0.7121066715099809,Neutral
2023-wimbledon-1301,Carlos Alcaraz,Nicolas Jarry,00:47:52,2,1,66,1,0,0,0,0,30,2,1,2,34,32,0,0,0,0,0,0,0,0,0,0,0,0,1,0,1,0,0,0,0,0,0,3.619,3.818,1,123.0,B,NCTL,ND,0 days 00:47:52,2872.0,66,2,0.6,0.5,0,3,0.0,2.0,0,1,0,1,0,0,25.0,-1.4778645380797812,P2_Slight
2023-wimbledon-1301,Carlos Alcaraz,Nicolas Jarry,00:48:17,2,1,67,1,0,0,0,0,40,2,1,2,34,33,2,0,0,0,0,0,0,0,0,0,0,0,0,0,0,0,0,0,0,0,0,9.33,6.471,1,122.0,C,CTL,ND,0 days 00:48:17,2897.0,67,1,0.4,0.4,0,4,0.0,3.0,0,1,0,1,0,0,25.0,-2.2933072473181855,P2_Strong
2023-wimbledon-1301,Carlos Alcaraz,Nicolas Jarry,00:49:17,2,2,68,1,0,0,1,0,0,1,1,1,35,33,0,0,1,0,1,0,0,0,0,0,0,0,0,0,0,0,0,0,0,0,0,0.827,1.015,1,127.0,C,NCTL,NA_ace,0 days 00:49:17,2957.0,68,2,0.2,0.4,1,0,0.0,4.0,1,1,1,1,0,0,60.0,-1.5974411023718218,P2_Slight
2023-wimbledon-1301,Carlos Alcaraz,Nicolas Jarry,00:49:38,2,2,69,1,0,0,1,15,0,1,2,1,36,33,0,0,0,0,0,0,0,0,0,0,0,0,0,0,0,0,0,0,0,0,0,2.754,3.715,1,102.0,BW,NCTL,ND,0 days 00:49:38,2978.0,69,3,0.2,0.4,2,0,1.0,0.0,1,1,1,1,0,0,21.0,-0.8504922803243853,Neutral
2023-wimbledon-1301,Carlos Alcaraz,Nicolas Jarry,00:50:14,2,2,70,1,0,0,1,30,0,1,2,2,36,34,0,0,0,0,0,1,F,0,0,0,0,0,0,0,0,0,0,0,0,0,0,3.314,3.801,2,111.0,BW,NCTL,D,0 days 00:50:14,3014.0,70,2,0.4,0.5,0,1,2.0,0.0,1,0,1,1,0,0,36.0,-2.3719439731794356,P2_Strong
2023-wimbledon-1301,Carlos Alcaraz,Nicolas Jarry,00:51:10,2,2,71,1,0,0,1,30,15,1,1,2,36,35,0,0,0,0,0,0,0,0,0,1,0,0,0,0,0,0,0,0,0,0,0,35.48,40.171,12,118.0,BC,NCTL,D,0 days 00:51:10,3070.0,71,1,0.4,0.5,0,2,0.0,1.0,1,0,1,1,0,0,56.0,-4.016812786023539,P2_Strong
2023-wimbledon-1301,Carlos Alcaraz,Nicolas Jarry,00:51:54,2,2,72,1,0,0,1,30,30,1,1,1,37,35,0,0,1,0,1,0,0,0,0,0,0,0,0,0,0,0,0,0,0,0,0,0.824,1.682,1,126.0,C,NCTL,NA_ace,0 days 00:51:54,3114.0,72,2,0.4,0.4,1,0,0.0,2.0,1,1,1,1,0,0,44.0,-3.2864765303030685,P2_Strong
2023-wimbledon-1301,Carlos Alcaraz,Nicolas Jarry,00:52:21,2,2,73,1,0,0,1,40,30,1,2,2,37,36,0,0,0,0,0,0,0,0,0,1,0,0,0,0,0,0,0,0,0,0,0,11.674,13.243,2,97.0,W,CTL,ND,0 days 00:52:21,3141.0,73,1,0.6,0.4,0,1,1.0,0.0,1,0,1,1,0,0,27.0,-4.759208538158545,P2_Strong
2023-wimbledon-1301,Carlos Alcaraz,Nicolas Jarry,00:53:06,2,2,74,1,0,0,1,40,40,1,2,2,37,37,0,0,0,0,0,0,0,0,0,1,0,0,0,0,0,0,0,0,0,0,0,7.494,9.222,2,105.0,BC,NCTL,D,0 days 00:53:06,3186.0,74,0,0.4,0.3,0,2,0.0,1.0,1,0,1,1,0,1,45.0,-6.694793598164605,P2_Strong
2023-wimbledon-1301,Carlos Alcaraz,Nicolas Jarry,00:54:11,2,2,75,1,0,0,1,40,AD,1,1,2,37,38,2,0,0,0,0,0,0,0,0,0,0,0,0,0,0,0,1,0,1,0,0,8.235,10.59,2,129.0,B,NCTL,ND,0 days 00:54:11,3251.0,75,-1,0.2,0.3,0,3,0.0,2.0,1,0,1,1,1,1,65.0,-9.330128495432081,P2_Strong
2023-wimbledon-1301,Carlos Alcaraz,Nicolas Jarry,00:54:56,2,3,76,1,0,0,2,0,0,2,1,2,37,39,0,0,0,0,0,0,0,0,0,0,0,0,0,0,0,0,0,0,0,0,0,8.125,7.455,1,126.0,C,CTL,D,0 days 00:54:56,3296.0,76,-2,0.2,0.3,0,4,0.0,3.0,0,1,2,1,0,0,45.0,-9.98852592552344,P2_Strong
2023-wimbledon-1301,Carlos Alcaraz,Nicolas Jarry,00:55:20,2,3,77,1,0,0,2,0,15,2,1,2,37,40,0,0,0,0,0,0,0,0,0,0,0,0,0,0,0,0,0,0,0,0,0,9.712,11.06,1,128.0,W,CTL,ND,0 days 00:55:20,3320.0,77,-3,0.2,0.3,0,5,0.0,4.0,0,1,2,1,0,0,24.0,-10.698755407012971,P2_Strong
2023-wimbledon-1301,Carlos Alcaraz,Nicolas Jarry,00:55:50,2,3,78,1,0,0,2,0,30,2,1,2,37,41,0,0,0,0,0,1,F,0,0,0,0,0,0,0,0,0,0,0,0,0,0,10.788,5.077,3,108.0,BW,NCTL,D,0 days 00:55:50,3350.0,78,-4,0.0,0.3,0,6,0.0,5.0,0,1,2,1,0,0,30.0,-11.459780298872712,P2_Strong
2023-wimbledon-1301,Carlos Alcaraz,Nicolas Jarry,00:57:08,2,3,79,1,0,0,2,0,40,2,2,2,37,42,2,0,0,0,0,0,0,0,0,1,0,0,0,0,0,0,0,0,0,0,0,33.044,35.246,7,101.0,W,CTL,D,0 days 00:57:08,3428.0,79,-5,0.0,0.2,0,7,0.0,6.0,0,1,2,1,0,0,78.0,-12.270584692895257,P2_Strong
2023-wimbledon-1301,Carlos Alcaraz,Nicolas Jarry,00:59:22,2,4,80,1,0,0,3,0,0,1,2,2,37,43,0,0,0,0,0,0,0,0,0,0,0,0,0,0,0,0,0,0,0,0,0,54.924,44.017,10,106.0,B,NCTL,D,0 days 00:59:22,3562.0,80,-6,0.0,0.1,0,8,0.0,7.0,1,0,3,1,0,0,134.0,-14.640557614421967,P2_Strong
2023-wimbledon-1301,Carlos Alcaraz,Nicolas Jarry,01:00:17,2,4,81,1,0,0,3,0,15,1,1,1,38,43,0,0,0,0,0,0,0,0,0,0,0,0,0,0,0,0,0,0,0,0,0,6.013,9.173,1,111.0,C,NCTL,ND,0 days 01:00:17,3617.0,81,-5,0.0,0.1,1,0,0.0,8.0,1,1,3,1,0,0,55.0,-13.697746462133527,P2_Strong
2023-wimbledon-1301,Carlos Alcaraz,Nicolas Jarry,01:00:41,2,4,82,1,0,0,3,15,15,1,1,1,39,43,0,0,1,0,1,0,0,0,0,0,0,0,0,0,0,0,0,0,0,0,0,0.761,0.939,1,110.0,W,CTL,NA_ace,0 days 01:00:41,3641.0,82,-4,0.2,0.2,2,0,1.0,0.0,1,1,3,1,0,0,24.0,-12.708791532890857,P2_Strong
2023-wimbledon-1301,Carlos Alcaraz,Nicolas Jarry,01:01:21,2,4,83,1,0,0,3,30,15,1,1,2,39,44,0,0,0,0,0,0,0,0,0,0,0,0,0,0,0,0,0,0,0,0,0,57.844,40.876,8,119.0,C,CTL,D,0 days 01:01:21,3681.0,83,-5,0.4,0.2,0,1,2.0,0.0,1,0,3,1,0,0,40.0,-13.993077240694578,P2_Strong
2023-wimbledon-1301,Carlos Alcaraz,Nicolas Jarry,01:02:05,2,4,84,1,0,0,3,30,30,1,2,2,39,45,0,0,0,0,0,1,B,0,0,0,0,0,1,0,1,0,0,0,0,0,0,12.977,15.558,4,95.0,C,NCTL,ND,0 days 01:02:05,3725.0,84,-6,0.4,0.2,0,2,0.0,1.0,1,0,3,1,0,0,44.0,-15.405523388188378,P2_Strong
2023-wimbledon-1301,Carlos Alcaraz,Nicolas Jarry,01:02:54,2,4,85,1,0,0,3,30,40,1,2,1,40,45,0,0,0,0,0,0,0,0,0,0,1,0,0,0,0,0,1,0,0,0,1,9.419,12.316,3,95.0,B,NCTL,ND,0 days 01:02:54,3774.0,85,-5,0.4,0.2,1,0,0.0,2.0,1,1,3,1,1,1,49.0,-14.12241292042461,P2_Strong
2023-wimbledon-1301,Carlos Alcaraz,Nicolas Jarry,01:03:50,2,4,86,1,0,0,3,40,40,1,1,1,41,45,0,0,0,0,0,0,0,0,0,0,1,0,0,0,0,0,0,0,0,0,0,14.306,18.004,3,102.0,BW,CTL,ND,0 days 01:03:50,3830.0,86,-4,0.6,0.3,2,0,1.0,0.0,1,1,3,1,0,1,56.0,-12.981964662016118,P2_Strong
2023-wimbledon-1301,Carlos Alcaraz,Nicolas Jarry,01:04:21,2,4,87,1,0,0,3,AD,40,1,2,1,42,45,1,0,0,0,0,0,0,0,0,0,0,0,0,0,0,0,0,0,0,0,0,46.74,38.948,11,120.0,B,NCTL,D,0 days 01:04:21,3861.0,87,-3,0.6,0.4,3,0,2.0,0.0,1,1,3,1,0,1,31.0,-11.786325368775795,P2_Strong
2023-wimbledon-1301,Carlos Alcaraz,Nicolas Jarry,01:05:38,2,5,88,1,0,1,3,0,0,2,1,2,42,46,0,0,0,0,0,1,F,0,0,0,0,0,0,0,0,0,0,0,0,0,0,31.199,15.177,5,113.0,W,CTL,D,0 days 01:05:38,3938.0,88,-4,0.6,0.5,0,1,3.0,0.0,0,1,4,1,0,0,77.0,-12.20059886140028,P2_Strong
2023-wimbledon-1301,Carlos Alcaraz,Nicolas Jarry,01:06:16,2,5,89,1,0,1,3,0,15,2,1,2,42,47,0,0,0,0,0,0,0,0,0,0,0,0,1,0,1,0,0,0,0,0,0,11.273,7.428,1,128.0,W,NCTL,D,0 days 01:06:16,3976.0,89,-5,0.6,0.5,0,2,0.0,1.0,0,1,4,1,0,0,38.0,-12.671586884172275,P2_Strong
2023-wimbledon-1301,Carlos Alcaraz,Nicolas Jarry,01:06:46,2,5,90,1,0,1,3,0,30,2,2,1,43,47,0,0,0,0,1,0,B,0,0,0,0,0,1,0,0,0,0,0,0,0,0,22.467,16.135,6,111.0,C,NCTL,ND,0 days 01:06:46,4006.0,90,-4,0.6,0.5,1,0,0.0,2.0,0,0,4,1,0,0,30.0,-10.87969360802729,P2_Strong
2023-wimbledon-1301,Carlos Alcaraz,Nicolas Jarry,01:07:42,2,5,91,1,0,1,3,15,30,2,1,1,44,47,0,0,0,0,0,0,0,0,0,0,1,0,0,0,0,0,0,0,0,0,0,36.689,27.317,8,131.0,BW,NCTL,D,0 days 01:07:42,4062.0,91,-3,0.6,0.6,2,0,1.0,0.0,0,0,4,1,0,0,56.0,-8.969792043559053,P2_Strong
2023-wimbledon-1301,Carlos Alcaraz,Nicolas Jarry,01:08:26,2,5,92,1,0,1,3,30,30,2,1,1,45,47,0,0,0,0,0,0,0,0,0,0,1,0,0,0,0,0,0,0,0,0,0,39.829,32.608,10,134.0,C,NCTL,D,0 days 01:08:26,4106.0,92,-2,0.6,0.6,3,0,2.0,0.0,0,0,4,1,0,0,44.0,-6.944242356534026,P2_Strong
2023-wimbledon-1301,Carlos Alcaraz,Nicolas Jarry,01:09:19,2,5,93,1,0,1,3,40,30,2,1,2,45,48,0,0,0,0,0,0,0,0,0,0,0,0,1,0,1,1,0,0,0,1,0,30.783,24.947,5,123.0,B,NCTL,ND,0 days 01:09:19,4159.0,93,-3,0.6,0.6,0,1,3.0,0.0,0,1,4,1,1,1,53.0,-7.780357509403346,P2_Strong
2023-wimbledon-1301,Carlos Alcaraz,Nicolas Jarry,01:10:24,2,5,94,1,0,1,3,40,40,2,2,1,46,48,0,0,0,0,0,0,0,0,0,0,0,0,0,0,0,0,0,0,0,0,0,39.903,38.624,10,107.0,C,NCTL,ND,0 days 01:10:24,4224.0,94,-2,0.6,0.6,1,0,0.0,1.0,0,0,4,1,0,1,65.0,-5.778596513061433,P2_Strong
2023-wimbledon-1301,Carlos Alcaraz,Nicolas Jarry,01:11:30,2,5,95,1,0,1,3,AD,40,2,1,2,46,49,0,0,0,0,0,0,0,0,0,0,0,0,1,0,1,1,0,0,0,1,0,26.961,12.75,3,118.0,W,CTL,ND,0 days 01:11:30,4290.0,95,-3,0.8,0.7,0,1,1.0,0.0,0,1,4,1,1,1,66.0,-6.638024582800204,P2_Strong
2023-wimbledon-1301,Carlos Alcaraz,Nicolas Jarry,01:12:08,2,5,96,1,0,1,3,40,40,2,1,2,46,50,0,0,0,0,0,0,0,0,0,0,0,0,0,0,0,0,0,0,0,0,0,6.211,4.663,1,131.0,C,NCTL,ND,0 days 01:12:08,4328.0,96,-4,0.6,0.6,0,2,0.0,1.0,0,1,4,1,0,1,38.0,-7.363264091144201,P2_Strong
2023-wimbledon-1301,Carlos Alcaraz,Nicolas Jarry,01:12:37,2,5,97,1,0,1,3,40,AD,2,1,2,46,51,2,0,0,0,0,1,F,0,0,0,0,0,1,0,1,0,0,0,0,0,0,20.629,16.426,5,129.0,BW,NCTL,Unknown,0 days 01:12:37,4357.0,97,-5,0.4,0.5,0,3,0.0,2.0,0,1,4,1,0,1,29.0,-8.151998809321316,P2_Strong
2023-wimbledon-1301,Carlos Alcaraz,Nicolas Jarry,01:14:48,2,6,98,1,0,1,4,0,0,1,2,2,46,52,0,0,0,0,0,0,0,0,0,0,0,0,0,0,0,0,0,0,0,0,0,6.367,14.617,2,115.0,C,NCTL,ND,0 days 01:14:48,4488.0,98,-6,0.2,0.4,0,4,0.0,3.0,1,0,5,1,0,0,131.0,-9.98895883313489,P2_Strong
2023-wimbledon-1301,Carlos Alcaraz,Nicolas Jarry,01:15:27,2,6,99,1,0,1,4,0,15,1,1,1,47,52,0,0,0,0,0,0,0,0,0,0,0,0,0,0,0,0,0,0,0,0,0,4.716,6.076,1,109.0,C,NCTL,ND,0 days 01:15:27,4527.0,99,-5,0.2,0.4,1,0,0.0,4.0,1,1,5,1,0,0,39.0,-9.13917965647219,P2_Strong
2023-wimbledon-1301,Carlos Alcaraz,Nicolas Jarry,01:15:55,2,6,100,1,0,1,4,15,15,1,2,2,47,53,0,0,0,0,0,0,0,0,0,1,0,0,0,0,0,0,0,0,0,0,0,5.607,6.246,2,91.0,C,NCTL,ND,0 days 01:15:55,4555.0,100,-6,0.2,0.5,0,1,1.0,0.0,1,0,5,1,0,0,28.0,-10.494857601804286,P2_Strong
2023-wimbledon-1301,Carlos Alcaraz,Nicolas Jarry,01:16:53,2,6,101,1,0,1,4,15,30,1,1,1,48,53,0,0,0,0,0,0,0,0,0,0,0,0,0,0,0,0,0,0,0,0,0,2.576,4.202,1,126.0,W,NCTL,ND,0 days 01:16:53,4613.0,101,-5,0.2,0.4,1,0,0.0,1.0,1,1,5,1,0,0,58.0,-9.6349604497682,P2_Strong
2023-wimbledon-1301,Carlos Alcaraz,Nicolas Jarry,01:17:22,2,6,102,1,0,1,4,30,30,1,1,1,49,53,0,0,0,0,0,0,0,0,0,0,0,0,0,0,0,0,0,0,0,0,0,12.352,19.512,1,108.0,B,NCTL,D,0 days 01:17:22,4642.0,102,-4,0.4,0.4,2,0,1.0,0.0,1,1,5,1,0,0,29.0,-8.727261240772837,P2_Strong
2023-wimbledon-1301,Carlos Alcaraz,Nicolas Jarry,01:17:48,2,6,103,1,0,1,4,40,30,1,1,2,49,54,0,0,0,0,0,1,F,0,0,0,0,0,0,0,0,0,0,0,0,0,0,29.38,47.896,10,97.0,W,NCTL,D,0 days 01:17:48,4668.0,103,-5,0.6,0.4,0,1,2.0,0.0,1,0,5,1,0,0,26.0,-10.091177554418918,P2_Strong
2023-wimbledon-1301,Carlos Alcaraz,Nicolas Jarry,01:18:30,2,6,104,1,0,1,4,40,40,1,1,1,50,54,0,0,0,0,1,0,B,0,0,0,0,1,0,1,0,0,0,0,0,0,0,7.675,16.449,3,127.0,C,NCTL,Unknown,0 days 01:18:30,4710.0,104,-4,0.6,0.4,1,0,0.0,1.0,1,1,5,1,0,1,42.0,-9.109354003330541,P2_Strong
2023-wimbledon-1301,Carlos Alcaraz,Nicolas Jarry,01:19:01,2,6,105,1,0,1,4,AD,40,1,2,1,51,54,1,0,0,0,1,0,0,0,0,0,0,0,0,0,0,0,0,0,0,0,0,0.75,1.157,1,121.0,C,NCTL,Unknown,0 days 01:19:01,4741.0,105,-3,0.6,0.4,2,0,1.0,0.0,1,1,5,1,0,1,31.0,-8.06916692326393,P2_Strong
2023-wimbledon-1301,Carlos Alcaraz,Nicolas Jarry,01:19:57,2,7,106,1,0,2,4,0,0,2,1,1,52,54,0,0,0,0,0,0,0,0,0,0,1,0,0,0,0,0,0,0,0,0,0,17.854,13.776,4,118.0,BC,NCTL,D,0 days 01:19:57,4797.0,106,-2,0.8,0.5,3,0,2.0,0.0,0,0,6,1,0,0,56.0,-6.061629738644806,P2_Strong
2023-wimbledon-1301,Carlos Alcaraz,Nicolas Jarry,01:20:31,2,7,107,1,0,2,4,15,0,2,1,2,52,55,0,0,0,0,0,0,0,0,0,1,0,0,0,0,0,0,0,0,0,0,0,17.377,13.994,3,128.0,W,NCTL,D,0 days 01:20:31,4831.0,107,-3,0.8,0.6,0,1,3.0,0.0,0,1,6,1,0,0,34.0,-6.59039714387191,P2_Strong
2023-wimbledon-1301,Carlos Alcaraz,Nicolas Jarry,01:21:06,2,7,108,1,0,2,4,15,15,2,1,2,52,56,0,0,0,0,0,0,0,0,0,1,0,0,0,0,0,0,0,0,0,0,0,14.452,17.608,3,132.0,C,NCTL,D,0 days 01:21:06,4866.0,108,-4,0.6,0.6,0,2,0.0,1.0,0,1,6,1,0,0,35.0,-7.1735892009944715,P2_Strong
2023-wimbledon-1301,Carlos Alcaraz,Nicolas Jarry,01:21:41,2,7,109,1,0,2,4,15,30,2,1,2,52,57,0,0,0,0,0,1,F,0,0,0,0,0,1,0,1,0,0,0,0,0,0,13.127,10.798,3,125.0,W,CTL,Unknown,0 days 01:21:41,4901.0,109,-5,0.6,0.6,0,3,0.0,2.0,0,1,6,1,0,0,35.0,-7.810117416974582,P2_Strong
2023-wimbledon-1301,Carlos Alcaraz,Nicolas Jarry,01:22:15,2,7,110,1,0,2,4,15,40,2,1,1,53,57,0,0,0,0,0,0,0,0,0,0,0,0,0,0,0,0,0,0,0,0,0,40.298,14.758,2,108.0,W,NCTL,ND,0 days 01:22:15,4935.0,110,-4,0.4,0.5,1,0,0.0,3.0,0,0,6,1,0,0,34.0,-6.115453530173552,P2_Strong
2023-wimbledon-1301,Carlos Alcaraz,Nicolas Jarry,01:22:46,2,7,111,1,0,2,4,30,40,2,2,1,54,57,0,0,0,0,0,0,0,0,0,0,1,0,1,0,0,0,0,0,0,0,0,50.075,39.635,8,98.0,BW,NCTL,ND,0 days 01:22:46,4966.0,111,-3,0.4,0.6,2,0,1.0,0.0,0,0,6,1,0,0,31.0,-4.300836767262388,P2_Strong
2023-wimbledon-1301,Carlos Alcaraz,Nicolas Jarry,01:23:58,2,7,112,1,0,2,4,40,40,2,2,1,55,57,0,0,0,0,0,0,0,0,0,0,1,0,0,0,0,0,0,0,0,0,0,33.142,28.309,8,115.0,BC,NCTL,D,0 days 01:23:58,5038.0,112,-2,0.4,0.6,3,0,2.0,0.0,0,0,6,1,0,1,72.0,-1.9994354165325254,P2_Slight
2023-wimbledon-1301,Carlos Alcaraz,Nicolas Jarry,01:25:01,2,7,113,1,0,2,4,AD,40,2,1,2,55,58,0,0,0,0,0,0,0,0,0,0,0,0,0,0,0,1,0,0,0,1,0,11.436,5.977,1,120.0,C,CTL,ND,0 days 01:25:01,5101.0,113,-3,0.6,0.6,0,1,3.0,0.0,0,1,6,1,1,1,63.0,-2.934446708201875,P2_Strong
2023-wimbledon-1301,Carlos Alcaraz,Nicolas Jarry,01:25:32,2,7,114,1,0,2,4,40,40,2,1,2,55,59,0,0,0,0,0,1,F,0,0,0,0,0,1,0,1,0,0,0,0,0,0,32.537,26.376,7,130.0,C,NCTL,D,0 days 01:25:32,5132.0,114,-4,0.6,0.6,0,2,0.0,1.0,0,1,6,1,0,1,31.0,-3.7337577740378376,P2_Strong
2023-wimbledon-1301,Carlos Alcaraz,Nicolas Jarry,01:26:17,2,7,115,1,0,2,4,40,AD,2,1,1,56,59,0,0,0,0,0,0,0,0,0,0,1,0,1,0,0,0,0,0,0,0,0,15.161,12.446,4,124.0,BW,NCTL,D,0 days 01:26:17,5177.0,115,-3,0.6,0.5,1,0,0.0,2.0,0,0,6,1,0,1,45.0,-1.812928772403235,P2_Slight
2023-wimbledon-1301,Carlos Alcaraz,Nicolas Jarry,01:26:59,2,7,116,1,0,2,4,40,40,2,2,1,57,59,0,0,0,0,0,0,0,0,0,0,0,0,1,0,0,0,0,0,0,0,0,26.033,22.001,6,113.0,B,CTL,ND,0 days 01:26:59,5219.0,116,-2,0.6,0.5,2,0,1.0,0.0,0,0,6,1,0,1,42.0,0.25409903381406035,Neutral
2023-wimbledon-1301,Carlos Alcaraz,Nicolas Jarry,01:28:28,2,7,117,1,0,2,4,AD,40,2,1,1,58,59,1,0,0,0,0,0,0,0,0,0,1,0,0,0,0,1,0,1,0,0,0,9.834,6.693,2,130.0,BW,NCTL,ND,0 days 01:28:28,5308.0,117,-1,0.6,0.5,3,0,2.0,0.0,0,0,6,1,1,1,89.0,3.018247822368548,P1_Strong
2023-wimbledon-1301,Carlos Alcaraz,Nicolas Jarry,01:30:29,2,8,118,1,0,3,4,0,0,1,1,1,59,59,0,0,0,0,0,0,0,0,0,0,0,0,0,0,0,0,0,0,0,0,0,2.388,3.901,1,109.0,W,CTL,ND,0 days 01:30:29,5429.0,118,0,0.6,0.6,4,0,3.0,0.0,1,1,7,1,0,0,121.0,3.8028828659211773,P1_Strong
2023-wimbledon-1301,Carlos Alcaraz,Nicolas Jarry,01:30:48,2,8,119,1,0,3,4,15,0,1,2,1,60,59,0,0,0,0,0,0,0,0,0,0,0,0,0,0,0,0,0,0,0,0,0,3.157,3.993,1,91.0,BW,NCTL,D,0 days 01:30:48,5448.0,119,1,0.8,0.7,5,0,4.0,0.0,1,1,7,1,0,0,19.0,4.636825208602754,P1_Strong
2023-wimbledon-1301,Carlos Alcaraz,Nicolas Jarry,01:31:21,2,8,120,1,0,3,4,30,0,1,2,1,61,59,0,0,0,0,0,0,0,0,0,0,1,0,1,0,0,0,0,0,0,0,0,9.182,15.422,3,100.0,B,NCTL,D,0 days 01:31:21,5481.0,120,2,1.0,0.8,6,0,5.0,0.0,1,1,7,1,0,0,33.0,5.5190887044306995,P1_Strong
2023-wimbledon-1301,Carlos Alcaraz,Nicolas Jarry,01:31:59,2,8,121,1,0,3,4,40,0,1,1,1,62,59,1,0,0,0,1,0,F,0,0,0,0,0,0,0,0,0,0,0,0,0,0,9.346,12.581,3,113.0,C,CTL,ND,0 days 01:31:59,5519.0,121,3,1.0,0.8,7,0,6.0,0.0,1,1,7,1,0,0,38.0,6.448706930342086,P1_Strong
2023-wimbledon-1301,Carlos Alcaraz,Nicolas Jarry,01:32:45,2,9,122,1,0,4,4,0,0,2,1,1,63,59,0,0,0,0,0,0,0,0,0,0,0,0,0,0,0,0,0,0,0,0,0,8.636,7.568,2,130.0,BC,NCTL,D,0 days 01:32:45,5565.0,122,4,1.0,0.8,8,0,7.0,0.0,0,0,8,1,0,0,46.0,8.93511740711986,P1_Strong
2023-wimbledon-1301,Carlos Alcaraz,Nicolas Jarry,01:33:11,2,9,123,1,0,4,4,15,0,2,1,2,63,60,0,0,0,1,0,1,0,0,0,0,0,0,0,0,0,0,0,0,0,0,0,1.547,1.046,1,125.0,C,NCTL,NA_ace,0 days 01:33:11,5591.0,123,3,1.0,0.8,0,1,8.0,0.0,0,1,8,1,0,0,26.0,8.106415058977461,P1_Strong
2023-wimbledon-1301,Carlos Alcaraz,Nicolas Jarry,01:33:37,2,9,124,1,0,4,4,15,15,2,2,2,63,61,0,0,0,0,0,0,0,0,0,0,0,0,0,0,0,0,0,0,0,0,0,4.077,3.731,1,106.0,C,NCTL,ND,0 days 01:33:37,5617.0,124,2,0.8,0.8,0,2,0.0,1.0,0,1,8,1,0,0,26.0,7.2292867577979125,P1_Strong
2023-wimbledon-1301,Carlos Alcaraz,Nicolas Jarry,01:34:16,2,9,125,1,0,4,4,15,30,2,1,2,63,62,0,0,0,1,0,1,0,0,0,0,0,0,0,0,0,0,0,0,0,0,0,7.731,4.601,1,123.0,C,NCTL,D,0 days 01:34:16,5656.0,125,1,0.6,0.8,0,3,0.0,2.0,0,1,8,1,0,0,39.0,6.304701022641954,P1_Strong
2023-wimbledon-1301,Carlos Alcaraz,Nicolas Jarry,01:34:42,2,9,126,1,0,4,4,15,40,2,1,2,63,63,2,0,0,0,0,0,0,0,0,0,0,0,0,0,0,0,0,0,0,0,0,30.357,15.027,3,126.0,C,NCTL,D,0 days 01:34:42,5682.0,126,0,0.4,0.7,0,4,0.0,3.0,0,1,8,1,0,0,26.0,5.333607002189115,P1_Strong
2023-wimbledon-1301,Carlos Alcaraz,Nicolas Jarry,01:36:28,2,10,127,1,0,4,5,0,0,1,1,1,64,63,0,0,0,0,0,0,0,0,0,0,0,0,0,0,0,0,0,0,0,0,0,5.517,10.031,1,127.0,C,NCTL,D,0 days 01:36:28,5788.0,127,1,0.2,0.6,1,0,0.0,4.0,1,1,9,1,0,0,106.0,5.876934862145333,P1_Strong
2023-wimbledon-1301,Carlos Alcaraz,Nicolas Jarry,01:36:57,2,10,128,1,0,4,5,15,0,1,2,2,64,64,0,0,0,0,0,0,0,0,0,0,0,0,0,0,0,0,0,0,0,0,0,18.229,36.142,6,119.0,BC,NCTL,D,0 days 01:36:57,5817.0,128,0,0.2,0.6,0,1,1.0,0.0,1,0,9,1,0,0,29.0,4.220934626440888,P1_Strong
2023-wimbledon-1301,Carlos Alcaraz,Nicolas Jarry,01:38:01,2,10,129,1,0,4,5,15,15,1,2,1,65,64,0,0,0,0,0,0,0,0,0,0,1,0,0,0,0,0,0,0,0,0,0,2.83,3.42,1,91.0,C,NCTL,ND,0 days 01:38:01,5881.0,129,1,0.2,0.5,1,0,0.0,1.0,1,1,9,1,0,0,64.0,4.786515933912071,P1_Strong
2023-wimbledon-1301,Carlos Alcaraz,Nicolas Jarry,01:38:43,2,10,130,1,0,4,5,30,15,1,1,1,66,64,0,0,0,0,0,0,0,0,0,0,0,0,0,0,0,0,0,0,0,0,0,32.24,55.37,7,115.0,BC,NCTL,ND,0 days 01:38:43,5923.0,130,2,0.4,0.5,2,0,1.0,0.0,1,1,9,1,0,0,42.0,5.405785615233829,P1_Strong
2023-wimbledon-1301,Carlos Alcaraz,Nicolas Jarry,01:39:23,2,10,131,1,0,4,5,40,15,1,1,2,66,65,0,0,0,0,0,0,0,0,0,0,0,0,0,0,0,0,0,0,0,0,0,9.467,13.062,2,114.0,BW,NCTL,Unknown,0 days 01:39:23,5963.0,131,1,0.6,0.5,0,1,2.0,0.0,1,0,9,1,0,0,40.0,3.759208364467614,P1_Strong
2023-wimbledon-1301,Carlos Alcaraz,Nicolas Jarry,01:39:56,2,10,132,1,0,4,5,40,30,1,1,1,67,65,1,0,0,0,0,0,0,0,0,0,0,0,0,0,0,0,0,0,0,0,0,18.941,24.158,5,119.0,C,NCTL,ND,0 days 01:39:56,5996.0,132,2,0.6,0.4,1,0,0.0,1.0,1,1,9,1,0,0,33.0,4.334024197178262,P1_Strong
2023-wimbledon-1301,Carlos Alcaraz,Nicolas Jarry,01:40:44,2,11,133,1,0,5,5,0,0,2,1,2,67,66,0,0,0,1,0,1,0,0,0,0,0,0,0,0,0,0,0,0,0,0,0,1.087,0.648,1,111.0,W,CTL,NA_ace,0 days 01:40:44,6044.0,133,1,0.6,0.4,0,1,1.0,0.0,0,1,10,1,0,0,48.0,3.5973437132346966,P1_Strong
2023-wimbledon-1301,Carlos Alcaraz,Nicolas Jarry,01:41:10,2,11,134,1,0,5,5,0,15,2,1,2,67,67,0,0,0,0,0,0,0,0,0,0,0,0,0,0,0,0,0,0,0,0,0,7.276,4.743,1,132.0,B,CTL,D,0 days 01:41:10,6070.0,134,0,0.6,0.4,0,2,0.0,1.0,0,1,10,1,0,0,26.0,2.8103968389700027,P1_Strong
2023-wimbledon-1301,Carlos Alcaraz,Nicolas Jarry,01:41:39,2,11,135,1,0,5,5,0,30,2,2,1,68,67,0,0,0,0,0,0,0,0,0,0,1,0,0,0,0,0,0,0,0,0,0,10.946,8.844,2,105.0,C,NCTL,D,0 days 01:41:39,6099.0,135,1,0.4,0.4,1,0,0.0,2.0,0,0,10,1,0,0,29.0,4.292650440652141,P1_Strong
2023-wimbledon-1301,Carlos Alcaraz,Nicolas Jarry,01:42:22,2,11,136,1,0,5,5,15,30,2,1,2,68,68,0,0,0,0,0,0,0,0,0,0,0,0,0,0,0,0,0,0,0,0,0,28.855,13.468,3,132.0,BW,CTL,ND,0 days 01:42:22,6142.0,136,0,0.4,0.5,0,1,1.0,0.0,0,1,10,1,0,0,43.0,3.556797431839098,P1_Strong
2023-wimbledon-1301,Carlos Alcaraz,Nicolas Jarry,01:43:15,2,11,137,1,0,5,5,15,40,2,2,2,68,69,2,0,0,0,0,0,0,0,0,0,0,0,0,0,0,0,0,0,0,0,0,4.713,5.199,1,100.0,BC,NCTL,D,0 days 01:43:15,6195.0,137,-1,0.4,0.5,0,2,0.0,1.0,0,1,10,1,0,0,53.0,2.7706614832023155,P1_Strong
2023-wimbledon-1301,Carlos Alcaraz,Nicolas Jarry,01:45:24,2,12,138,1,0,5,6,0,0,1,1,1,69,69,0,0,1,0,1,0,0,0,0,0,0,0,0,0,0,0,0,0,0,0,0,7.323,7.217,1,129.0,C,NCTL,D,0 days 01:45:24,6324.0,138,0,0.2,0.4,1,0,0.0,2.0,1,1,11,1,0,0,129.0,3.3652482535382693,P1_Strong
2023-wimbledon-1301,Carlos Alcaraz,Nicolas Jarry,01:45:59,2,12,139,1,0,5,6,15,0,1,2,1,70,69,0,0,0,0,0,0,0,0,0,0,0,0,0,0,0,0,0,0,0,0,0,1.865,3.688,1,98.0,BW,NCTL,ND,0 days 01:45:59,6359.0,139,1,0.4,0.5,2,0,1.0,0.0,1,1,11,1,0,0,35.0,4.012943288467504,P1_Strong
2023-wimbledon-1301,Carlos Alcaraz,Nicolas Jarry,01:46:38,2,12,140,1,0,5,6,30,0,1,2,1,71,69,0,0,0,0,0,0,0,0,0,0,0,0,0,0,0,0,0,0,0,0,0,1.945,2.386,1,122.0,BC,NCTL,ND,0 days 01:46:38,6398.0,140,2,0.6,0.5,3,0,2.0,0.0,1,1,11,1,0,0,39.0,4.712684422698154,P1_Strong
2023-wimbledon-1301,Carlos Alcaraz,Nicolas Jarry,01:47:17,2,12,141,1,0,5,6,40,0,1,1,1,72,69,1,0,0,0,0,0,0,0,0,0,0,0,1,0,0,0,0,0,0,0,0,18.845,42.672,3,129.0,BC,NCTL,ND,0 days 01:47:17,6437.0,141,3,0.6,0.5,4,0,3.0,0.0,1,1,11,1,0,0,39.0,5.463430734244191,P1_Strong
2023-wimbledon-1301,Carlos Alcaraz,Nicolas Jarry,01:48:12,2,13,142,1,0,6,6,0,0,2,1,2,72,70,0,0,0,0,0,0,0,0,0,0,0,0,0,0,0,0,0,0,0,0,0,68.799,52.441,15,128.0,C,NCTL,ND,0 days 01:48:12,6492.0,142,2,0.8,0.6,0,1,4.0,0.0,0,1,12,1,0,0,55.0,4.704162119559307,P1_Strong
2023-wimbledon-1301,Carlos Alcaraz,Nicolas Jarry,01:49:11,2,13,143,1,0,6,6,0,1,1,1,1,73,70,0,0,0,0,0,0,0,0,0,0,0,0,0,0,0,0,0,0,0,0,0,5.871,5.357,1,127.0,B,NCTL,D,0 days 01:49:11,6551.0,143,3,0.8,0.5,1,0,0.0,1.0,1,1,12,1,0,0,59.0,5.260078877168121,P1_Strong
2023-wimbledon-1301,Carlos Alcaraz,Nicolas Jarry,01:49:37,2,13,144,1,0,6,6,1,1,1,2,1,74,70,0,0,0,0,0,0,0,0,0,0,0,0,0,0,0,0,0,0,0,0,0,51.185,46.792,13,100.0,BC,NCTL,ND,0 days 01:49:37,6577.0,144,4,0.8,0.6,2,0,1.0,0.0,1,1,12,1,0,0,26.0,5.869877299624759,P1_Strong
2023-wimbledon-1301,Carlos Alcaraz,Nicolas Jarry,01:51:32,2,13,145,1,0,6,6,2,1,2,1,2,74,71,0,0,0,0,0,1,0,0,0,0,0,0,0,0,0,0,0,0,0,0,0,9.273,6.262,1,128.0,W,CTL,ND,0 days 01:51:32,6692.0,145,3,0.8,0.7,0,1,2.0,0.0,0,1,12,1,0,0,115.0,5.102479753632263,P1_Strong
2023-wimbledon-1301,Carlos Alcaraz,Nicolas Jarry,01:52:03,2,13,146,1,0,6,6,2,2,2,1,2,74,72,0,0,0,1,0,1,0,0,0,0,0,0,0,0,0,0,0,0,0,0,0,4.948,4.836,1,130.0,C,CTL,NA_ace,0 days 01:52:03,6723.0,146,2,0.6,0.6,0,2,0.0,1.0,0,1,12,1,0,0,31.0,4.285430158559618,P1_Strong
2023-wimbledon-1301,Carlos Alcaraz,Nicolas Jarry,01:52:41,2,13,147,1,0,6,6,2,3,1,1,1,75,72,0,0,0,0,0,0,0,0,0,0,0,1,0,1,0,0,0,0,0,0,0,24.001,22.749,5,119.0,BC,NCTL,ND,0 days 01:52:41,6761.0,147,3,0.4,0.6,1,0,0.0,2.0,1,1,12,1,0,0,38.0,4.849721555388426,P1_Strong
2023-wimbledon-1301,Carlos Alcaraz,Nicolas Jarry,01:53:43,2,13,148,1,0,6,6,3,3,1,1,1,76,72,0,0,0,0,0,0,0,0,0,0,0,0,0,0,0,0,0,0,0,0,0,4.91,8.583,1,111.0,W,CTL,D,0 days 01:53:43,6823.0,148,4,0.6,0.7,2,0,1.0,0.0,1,1,12,1,0,0,62.0,5.467727124280657,P1_Strong
2023-wimbledon-1301,Carlos Alcaraz,Nicolas Jarry,01:54:25,2,13,149,1,0,6,6,4,3,2,1,2,76,73,0,0,0,0,0,0,0,0,0,0,0,0,0,0,0,0,0,0,0,0,0,10.121,8.641,1,127.0,B,NCTL,D,0 days 01:54:25,6865.0,149,3,0.6,0.7,0,1,2.0,0.0,0,1,12,1,0,0,42.0,4.708372581795043,P1_Strong
2023-wimbledon-1301,Carlos Alcaraz,Nicolas Jarry,01:54:57,2,13,150,1,0,6,6,4,4,2,2,2,76,74,0,0,0,0,0,0,0,0,0,1,0,0,0,0,0,0,0,0,0,0,0,12.105,12.593,3,104.0,B,NCTL,D,0 days 01:54:57,6897.0,150,2,0.4,0.6,0,2,0.0,1.0,0,1,12,1,0,0,32.0,3.8992051301591424,P1_Strong
2023-wimbledon-1301,Carlos Alcaraz,Nicolas Jarry,01:55:53,2,13,151,1,0,6,6,4,5,1,1,1,77,74,0,0,0,0,1,0,F,0,0,0,0,0,1,0,0,0,0,0,0,0,0,19.083,27.636,5,130.0,B,CTL,ND,0 days 01:55:53,6953.0,151,3,0.4,0.5,1,0,0.0,2.0,1,1,12,1,0,0,56.0,4.47122102755596,P1_Strong
2023-wimbledon-1301,Carlos Alcaraz,Nicolas Jarry,01:56:32,2,13,152,1,0,6,6,5,5,1,1,1,78,74,0,0,0,0,1,0,F,0,0,0,0,1,0,1,0,0,0,0,0,0,0,4.877,7.639,3,129.0,BC,CTL,ND,0 days 01:56:32,6992.0,152,4,0.6,0.5,2,0,1.0,0.0,1,1,12,1,0,0,39.0,5.0967966070048405,P1_Strong
2023-wimbledon-1301,Carlos Alcaraz,Nicolas Jarry,01:57:11,2,13,153,1,0,6,6,6,5,2,1,2,78,75,0,0,0,0,0,0,0,0,0,0,0,0,1,0,1,0,0,0,0,0,0,20.076,14.846,3,129.0,W,CTL,Unknown,0 days 01:57:11,7031.0,153,3,0.6,0.6,0,1,2.0,0.0,0,1,12,1,0,0,39.0,4.344860674864743,P1_Strong
2023-wimbledon-1301,Carlos Alcaraz,Nicolas Jarry,01:58:25,2,13,154,1,0,6,6,6,6,2,1,2,78,76,0,0,0,0,0,0,0,0,0,0,0,0,0,0,0,0,0,0,0,0,0,5.514,4.409,1,128.0,C,NCTL,ND,0 days 01:58:25,7105.0,154,2,0.4,0.5,0,2,0.0,1.0,0,1,12,1,0,0,74.0,3.5429634613674486,P1_Strong
2023-wimbledon-1301,Carlos Alcaraz,Nicolas Jarry,01:59:04,2,13,155,1,0,6,6,6,7,1,1,2,78,77,2,2,0,0,0,0,0,0,0,0,0,0,0,0,0,0,0,0,0,0,0,28.777,19.769,4,122.0,BC,NCTL,ND,0 days 01:59:04,7144.0,155,1,0.4,0.4,0,3,0.0,2.0,1,0,12,1,0,0,39.0,1.6259503459862539,P1_Slight
2023-wimbledon-1301,Carlos Alcaraz,Nicolas Jarry,02:04:05,3,1,156,1,1,0,0,0,0,1,2,1,79,77,0,0,0,0,0,0,0,0,0,0,1,0,0,0,0,0,0,0,0,0,0,26.561,47.51,7,96.0,B,CTL,D,0 days 02:04:05,7445.0,156,2,0.4,0.4,1,0,0.0,3.0,1,1,0,2,0,0,301.0,2.243431339066529,P1_Strong
2023-wimbledon-1301,Carlos Alcaraz,Nicolas Jarry,02:04:50,3,1,157,1,1,0,0,15,0,1,2,2,79,78,0,0,0,0,0,0,0,0,0,0,0,0,1,0,1,0,0,0,0,0,0,17.347,25.367,4,96.0,B,NCTL,ND,0 days 02:04:50,7490.0,157,1,0.4,0.5,0,1,1.0,0.0,1,0,0,2,0,0,45.0,0.66010117382366,Neutral
2023-wimbledon-1301,Carlos Alcaraz,Nicolas Jarry,02:05:38,3,1,158,1,1,0,0,15,15,1,2,1,80,78,0,0,0,0,0,0,0,0,0,0,0,0,0,0,0,0,0,0,0,0,0,3.959,3.97,1,126.0,C,CTL,ND,0 days 02:05:38,7538.0,158,2,0.2,0.4,1,0,0.0,1.0,1,1,0,2,0,0,48.0,1.2968991503471867,P1_Slight
2023-wimbledon-1301,Carlos Alcaraz,Nicolas Jarry,02:06:20,3,1,159,1,1,0,0,30,15,1,2,2,80,79,0,0,0,0,0,0,0,1,0,1,0,0,0,0,0,0,0,0,0,0,0,5.45,6.694,0,99.0,B,CTL,ND,0 days 02:06:20,7580.0,159,1,0.4,0.4,0,1,1.0,0.0,1,0,0,2,0,0,42.0,-0.2675003711212953,Neutral
2023-wimbledon-1301,Carlos Alcaraz,Nicolas Jarry,02:07:02,3,1,160,1,1,0,0,30,30,1,1,1,81,79,0,0,0,0,0,0,0,0,0,0,0,0,0,0,0,0,0,0,0,0,0,4.131,5.861,1,113.0,W,CTL,D,0 days 02:07:02,7622.0,160,2,0.4,0.4,1,0,0.0,1.0,1,1,0,2,0,0,42.0,0.3878496363011306,Neutral
2023-wimbledon-1301,Carlos Alcaraz,Nicolas Jarry,02:07:27,3,1,161,1,1,0,0,40,30,1,1,1,82,79,1,0,0,0,0,0,0,0,0,0,0,0,0,0,0,0,0,0,0,0,0,6.968,15.75,1,113.0,C,NCTL,ND,0 days 02:07:27,7647.0,161,3,0.6,0.5,2,0,1.0,0.0,1,1,0,2,0,0,25.0,1.095092643575108,P1_Slight
2023-wimbledon-1301,Carlos Alcaraz,Nicolas Jarry,02:08:41,3,2,162,1,1,1,0,0,0,2,1,1,83,79,0,0,0,0,0,0,0,0,0,0,0,1,0,1,0,0,0,0,0,0,0,33.675,33.494,8,126.0,C,NCTL,ND,0 days 02:08:41,7721.0,162,4,0.6,0.5,3,0,2.0,0.0,0,0,1,2,0,0,74.0,2.919344636857452,P1_Strong
2023-wimbledon-1301,Carlos Alcaraz,Nicolas Jarry,02:09:28,3,2,163,1,1,1,0,15,0,2,1,2,83,80,0,0,0,0,0,0,0,0,0,0,0,0,1,0,1,0,0,0,0,0,0,9.172,6.57,1,130.0,W,NCTL,ND,0 days 02:09:28,7768.0,163,3,0.8,0.5,0,1,3.0,0.0,0,1,1,2,0,0,47.0,2.2109577441203028,P1_Strong
2023-wimbledon-1301,Carlos Alcaraz,Nicolas Jarry,02:10:00,3,2,164,1,1,1,0,15,15,2,2,2,83,81,0,0,0,0,0,1,B,0,0,0,0,0,0,0,0,0,0,0,0,0,0,52.816,20.502,3,109.0,B,NCTL,ND,0 days 02:10:00,7800.0,164,2,0.6,0.5,0,2,0.0,1.0,0,1,1,2,0,0,32.0,1.4517385892378967,P1_Slight
2023-wimbledon-1301,Carlos Alcaraz,Nicolas Jarry,02:10:55,3,2,165,1,1,1,0,15,30,2,1,1,84,81,0,0,0,0,0,0,0,0,0,0,0,0,0,0,0,0,0,0,0,0,0,9.47,6.624,2,128.0,BW,NCTL,D,0 days 02:10:55,7855.0,165,3,0.6,0.5,1,0,0.0,2.0,0,0,1,2,0,0,55.0,2.9611653559146767,P1_Strong
2023-wimbledon-1301,Carlos Alcaraz,Nicolas Jarry,02:11:35,3,2,166,1,1,1,0,30,30,2,1,1,85,81,0,0,0,0,0,0,0,0,0,0,1,0,1,0,0,0,0,0,0,0,0,17.922,14.558,4,130.0,C,NCTL,ND,0 days 02:11:35,7895.0,166,4,0.6,0.6,2,0,1.0,0.0,0,0,1,2,0,0,40.0,4.5942497411040755,P1_Strong
2023-wimbledon-1301,Carlos Alcaraz,Nicolas Jarry,02:12:15,3,2,167,1,1,1,0,40,30,2,1,2,85,82,0,0,0,0,0,1,F,0,0,0,0,0,1,0,1,1,0,0,0,1,0,11.452,10.886,3,127.0,W,CTL,Unknown,0 days 02:12:15,7935.0,167,3,0.6,0.6,0,1,2.0,0.0,0,1,1,2,1,1,40.0,3.527364746281994,P1_Strong
2023-wimbledon-1301,Carlos Alcaraz,Nicolas Jarry,02:12:53,3,2,168,1,1,1,0,40,40,2,2,1,86,82,0,0,0,0,0,0,0,0,0,0,1,0,0,0,0,0,0,0,0,0,0,8.123,6.082,2,114.0,BW,NCTL,ND,0 days 02:12:53,7973.0,168,4,0.4,0.6,1,0,0.0,1.0,0,0,1,2,0,1,38.0,5.3029712975102,P1_Strong
2023-wimbledon-1301,Carlos Alcaraz,Nicolas Jarry,02:13:38,3,2,169,1,1,1,0,AD,40,2,1,2,86,83,0,0,0,0,0,0,0,0,0,0,0,0,0,0,0,1,0,0,0,1,0,27.335,7.822,1,130.0,W,CTL,ND,0 days 02:13:38,8018.0,169,3,0.6,0.6,0,1,1.0,0.0,0,1,1,2,1,1,45.0,4.221911871559995,P1_Strong
2023-wimbledon-1301,Carlos Alcaraz,Nicolas Jarry,02:14:08,3,2,170,1,1,1,0,40,40,2,1,2,86,84,0,0,0,0,0,1,F,0,0,0,0,0,0,0,0,0,0,0,0,0,0,10.23,7.241,3,118.0,BW,NCTL,ND,0 days 02:14:08,8048.0,170,2,0.6,0.6,0,2,0.0,1.0,0,1,1,2,0,1,30.0,3.279473634128795,P1_Strong
2023-wimbledon-1301,Carlos Alcaraz,Nicolas Jarry,02:14:53,3,2,171,1,1,1,0,40,AD,2,2,1,87,84,0,0,0,0,0,0,0,0,1,0,1,0,0,0,0,0,0,0,0,0,0,11.861,6.606,0,99.0,B,CTL,Unknown,0 days 02:14:53,8093.0,171,3,0.4,0.5,1,0,0.0,2.0,0,0,1,2,0,1,45.0,5.060038007600065,P1_Strong
2023-wimbledon-1301,Carlos Alcaraz,Nicolas Jarry,02:15:48,3,2,172,1,1,1,0,40,40,2,1,2,87,85,0,0,0,0,0,0,0,0,0,0,0,0,0,0,0,0,0,0,0,0,0,6.797,3.806,1,129.0,C,CTL,ND,0 days 02:15:48,8148.0,172,2,0.4,0.5,0,1,1.0,0.0,0,1,1,2,0,1,55.0,4.1788372474480635,P1_Strong
2023-wimbledon-1301,Carlos Alcaraz,Nicolas Jarry,02:16:15,3,2,173,1,1,1,0,40,AD,2,1,2,87,86,2,0,0,0,0,1,F,0,0,0,0,0,1,0,1,0,0,0,0,0,0,16.698,14.275,5,128.0,W,NCTL,ND,0 days 02:16:15,8175.0,173,1,0.4,0.4,0,2,0.0,1.0,0,1,1,2,0,1,27.0,3.2372605024991024,P1_Strong
2023-wimbledon-1301,Carlos Alcaraz,Nicolas Jarry,02:16:58,3,3,174,1,1,1,1,0,0,1,2,1,88,86,0,0,0,0,1,0,F,0,0,0,0,0,0,0,0,0,0,0,0,0,0,22.725,30.75,7,92.0,C,NCTL,ND,0 days 02:16:58,8218.0,174,2,0.2,0.4,1,0,0.0,2.0,1,1,2,2,0,0,43.0,3.82251529244912,P1_Strong
2023-wimbledon-1301,Carlos Alcaraz,Nicolas Jarry,02:17:46,3,3,175,1,1,1,1,15,0,1,1,1,89,86,0,0,0,0,1,0,F,0,0,0,0,0,0,0,0,0,0,0,0,0,0,10.8,19.121,3,114.0,C,NCTL,ND,0 days 02:17:46,8266.0,175,3,0.4,0.5,2,0,1.0,0.0,1,1,2,2,0,0,48.0,4.461064986600138,P1_Strong
2023-wimbledon-1301,Carlos Alcaraz,Nicolas Jarry,02:18:16,3,3,176,1,1,1,1,30,0,1,1,2,89,87,0,0,0,0,0,1,F,0,0,0,0,0,0,0,0,0,0,0,0,0,0,28.877,32.934,6,127.0,C,NCTL,D,0 days 02:18:16,8296.0,176,2,0.6,0.5,0,1,2.0,0.0,1,0,2,2,0,0,30.0,2.833382148406597,P1_Strong
2023-wimbledon-1301,Carlos Alcaraz,Nicolas Jarry,02:18:53,3,3,177,1,1,1,1,30,15,1,2,2,89,88,0,0,0,0,0,0,0,0,0,1,0,0,0,0,0,0,0,0,0,0,0,16.725,14.741,4,95.0,BW,CTL,ND,0 days 02:18:53,8333.0,177,1,0.4,0.4,0,2,0.0,1.0,1,0,2,2,0,0,37.0,1.084406813130773,P1_Slight
2023-wimbledon-1301,Carlos Alcaraz,Nicolas Jarry,02:19:39,3,3,178,1,1,1,1,30,30,1,2,1,90,88,0,0,0,0,0,0,0,0,0,0,1,0,0,0,0,0,0,0,0,0,0,11.081,11.092,3,104.0,BC,NCTL,D,0 days 02:19:39,8379.0,178,2,0.4,0.4,1,0,0.0,2.0,1,1,2,2,0,0,46.0,1.7127186768681573,P1_Slight
2023-wimbledon-1301,Carlos Alcaraz,Nicolas Jarry,02:20:27,3,3,179,1,1,1,1,40,30,1,1,1,91,88,1,0,1,0,1,0,0,0,0,0,0,0,0,0,0,0,0,0,0,0,0,7.905,24.521,1,122.0,W,CTL,D,0 days 02:20:27,8427.0,179,3,0.6,0.4,2,0,1.0,0.0,1,1,2,2,0,0,48.0,2.3934643033307945,P1_Strong
2023-wimbledon-1301,Carlos Alcaraz,Nicolas Jarry,02:22:46,3,4,180,1,1,2,1,0,0,2,2,1,92,88,0,0,0,0,0,0,0,0,0,0,1,0,1,0,0,0,0,0,0,0,0,9.981,13.467,2,108.0,B,NCTL,ND,0 days 02:22:46,8566.0,180,4,0.6,0.5,3,0,2.0,0.0,0,0,3,2,0,0,139.0,4.191748863418024,P1_Strong
2023-wimbledon-1301,Carlos Alcaraz,Nicolas Jarry,02:23:36,3,4,181,1,1,2,1,15,0,2,1,1,93,88,0,0,0,0,1,0,F,0,0,0,0,0,1,0,0,0,0,0,0,0,0,27.698,24.671,6,129.0,BW,CTL,D,0 days 02:23:36,8616.0,181,5,0.6,0.6,4,0,3.0,0.0,0,0,3,2,0,0,50.0,6.107913886149663,P1_Strong
2023-wimbledon-1301,Carlos Alcaraz,Nicolas Jarry,02:24:21,3,4,182,1,1,2,1,30,0,2,2,2,93,89,0,0,0,0,0,0,0,0,0,1,0,0,0,0,0,0,0,0,0,0,0,20.258,11.909,3,106.0,B,CTL,D,0 days 02:24:21,8661.0,182,4,0.8,0.6,0,1,4.0,0.0,0,1,3,2,0,0,45.0,5.33575560842667,P1_Strong
2023-wimbledon-1301,Carlos Alcaraz,Nicolas Jarry,02:25:30,3,4,183,1,1,2,1,30,15,2,1,1,94,89,0,0,0,0,0,0,0,0,0,0,1,0,0,0,0,0,0,0,0,0,0,12.132,7.399,2,127.0,BW,NCTL,D,0 days 02:25:30,8730.0,183,5,0.8,0.6,1,0,0.0,1.0,0,0,3,2,0,0,69.0,6.767502034719675,P1_Strong
2023-wimbledon-1301,Carlos Alcaraz,Nicolas Jarry,02:25:59,3,4,184,1,1,2,1,40,15,2,1,1,95,89,1,0,0,0,0,0,0,0,0,0,0,0,0,0,0,1,0,1,0,0,0,25.215,21.594,6,133.0,C,NCTL,ND,0 days 02:25:59,8759.0,184,6,0.8,0.7,2,0,1.0,0.0,0,0,3,2,1,1,29.0,9.170613532486819,P1_Strong
2023-wimbledon-1301,Carlos Alcaraz,Nicolas Jarry,02:26:45,3,5,185,1,1,3,1,0,0,1,1,1,96,89,0,0,1,0,1,0,0,0,0,0,0,0,0,0,0,0,0,0,0,0,0,0.585,0.853,1,130.0,C,NCTL,NA_ace,0 days 02:26:45,8805.0,185,7,0.8,0.7,3,0,2.0,0.0,1,1,4,2,0,0,46.0,9.767201261837082,P1_Strong
2023-wimbledon-1301,Carlos Alcaraz,Nicolas Jarry,02:27:09,3,5,186,1,1,3,1,15,0,1,1,1,97,89,0,0,0,0,1,0,0,0,0,0,0,0,0,0,0,0,0,0,0,0,0,1.91,3.696,1,127.0,W,CTL,D,0 days 02:27:09,8829.0,186,8,0.8,0.7,4,0,3.0,0.0,1,1,4,2,0,0,24.0,10.416857236600341,P1_Strong
2023-wimbledon-1301,Carlos Alcaraz,Nicolas Jarry,02:27:35,3,5,187,1,1,3,1,30,0,1,2,1,98,89,0,0,0,0,0,0,0,0,0,0,1,0,0,0,0,0,0,0,0,0,0,26.138,27.732,9,103.0,BC,NCTL,ND,0 days 02:27:35,8855.0,187,9,0.8,0.8,5,0,4.0,0.0,1,1,4,2,0,0,26.0,11.118520091868335,P1_Strong
2023-wimbledon-1301,Carlos Alcaraz,Nicolas Jarry,02:28:21,3,5,188,1,1,3,1,40,0,1,2,2,98,90,0,0,0,0,0,0,0,1,0,1,0,0,0,0,0,0,0,0,0,0,0,1.076,1.74,0,99.0,W,CTL,Unknown,0 days 02:28:21,8901.0,188,8,1.0,0.9,0,1,5.0,0.0,1,0,4,2,0,0,46.0,9.35768815156943,P1_Strong
2023-wimbledon-1301,Carlos Alcaraz,Nicolas Jarry,02:28:59,3,5,189,1,1,3,1,40,15,1,1,1,99,90,1,0,1,0,1,0,0,0,0,0,0,0,0,0,0,0,0,0,0,0,0,0.778,1.077,1,107.0,W,CTL,NA_ace,0 days 02:28:59,8939.0,189,9,0.8,0.8,1,0,0.0,1.0,1,1,4,2,0,0,38.0,9.820534388538043,P1_Strong
2023-wimbledon-1301,Carlos Alcaraz,Nicolas Jarry,02:31:03,3,6,190,1,1,4,1,0,0,2,2,1,100,90,0,0,0,0,0,0,0,0,0,0,1,0,0,0,0,0,0,0,0,0,0,17.965,15.911,4,110.0,C,NCTL,ND,0 days 02:31:03,9063.0,190,10,0.8,0.8,2,0,1.0,0.0,0,0,5,2,0,0,124.0,11.316431393074973,P1_Strong
2023-wimbledon-1301,Carlos Alcaraz,Nicolas Jarry,02:32:01,3,6,191,1,1,4,1,15,0,2,1,2,100,91,0,0,0,0,0,1,0,0,0,0,0,0,0,0,0,0,0,0,0,0,0,1.075,0.785,1,121.0,C,NCTL,Unknown,0 days 02:32:01,9121.0,191,9,0.8,0.8,0,1,2.0,0.0,0,1,5,2,0,0,58.0,10.440102765213473,P1_Strong
2023-wimbledon-1301,Carlos Alcaraz,Nicolas Jarry,02:32:24,3,6,192,1,1,4,1,15,15,2,2,2,100,92,0,0,0,0,0,0,0,0,0,0,0,0,0,0,0,0,0,0,0,0,0,4.072,3.528,1,107.0,W,NCTL,D,0 days 02:32:24,9144.0,192,8,0.6,0.7,0,2,0.0,1.0,0,1,5,2,0,0,23.0,9.516300709909203,P1_Strong
2023-wimbledon-1301,Carlos Alcaraz,Nicolas Jarry,02:33:01,3,6,193,1,1,4,1,15,30,2,2,1,101,92,0,0,0,0,0,0,0,0,0,0,0,1,0,1,0,0,0,0,0,0,0,15.125,18.237,2,105.0,BW,NCTL,D,0 days 02:33:01,9181.0,193,9,0.4,0.7,1,0,0.0,2.0,0,0,5,2,0,0,37.0,10.864436234172556,P1_Strong
2023-wimbledon-1301,Carlos Alcaraz,Nicolas Jarry,02:34:04,3,6,194,1,1,4,1,30,30,2,2,2,101,93,0,0,0,0,0,1,F,0,0,0,0,0,0,0,0,0,0,0,0,0,0,8.346,8.608,3,111.0,BC,NCTL,ND,0 days 02:34:04,9244.0,194,8,0.6,0.7,0,1,1.0,0.0,0,1,5,2,0,0,63.0,9.997147509489105,P1_Strong
2023-wimbledon-1301,Carlos Alcaraz,Nicolas Jarry,02:34:46,3,6,195,1,1,4,1,30,40,2,1,2,101,94,2,0,0,0,0,0,0,0,0,0,0,0,1,0,1,0,0,0,0,0,0,11.882,6.858,1,132.0,W,NCTL,ND,0 days 02:34:46,9286.0,195,7,0.4,0.6,0,2,0.0,1.0,0,1,5,2,0,0,42.0,9.082204559299322,P1_Strong
2023-wimbledon-1301,Carlos Alcaraz,Nicolas Jarry,02:35:22,3,7,196,1,1,4,2,0,0,1,1,1,102,94,0,0,0,0,1,0,0,0,0,0,0,0,0,0,0,0,0,0,0,0,0,3.652,5.284,1,107.0,W,NCTL,ND,0 days 02:35:22,9322.0,196,8,0.2,0.5,1,0,0.0,2.0,1,1,6,2,0,0,36.0,9.550560468113336,P1_Strong
2023-wimbledon-1301,Carlos Alcaraz,Nicolas Jarry,02:35:46,3,7,197,1,1,4,2,15,0,1,1,1,103,94,0,0,0,0,0,0,0,0,0,0,0,0,0,0,0,0,0,0,0,0,0,13.487,15.647,3,117.0,W,CTL,ND,0 days 02:35:46,9346.0,197,9,0.4,0.5,2,0,1.0,0.0,1,1,6,2,0,0,24.0,10.074549258751068,P1_Strong
2023-wimbledon-1301,Carlos Alcaraz,Nicolas Jarry,02:36:15,3,7,198,1,1,4,2,30,0,1,2,1,104,94,0,0,0,0,0,0,0,0,0,0,1,0,0,0,0,0,0,0,0,0,0,14.958,15.843,3,90.0,BC,NCTL,ND,0 days 02:36:15,9375.0,198,10,0.6,0.5,3,0,2.0,0.0,1,1,6,2,0,0,29.0,10.653058273576045,P1_Strong
2023-wimbledon-1301,Carlos Alcaraz,Nicolas Jarry,02:36:54,3,7,199,1,1,4,2,40,0,1,1,1,105,94,1,0,1,0,1,0,0,0,0,0,0,0,0,0,0,0,0,0,0,0,0,0.778,0.859,1,109.0,W,CTL,NA_ace,0 days 02:36:54,9414.0,199,11,0.6,0.6,4,0,3.0,0.0,1,1,6,2,0,0,39.0,11.284997108104525,P1_Strong
2023-wimbledon-1301,Carlos Alcaraz,Nicolas Jarry,02:38:49,3,8,200,1,1,5,2,0,0,2,1,2,105,95,0,0,0,0,0,0,0,0,0,0,0,0,0,0,0,0,0,0,0,0,0,6.718,4.45,1,126.0,C,NCTL,D,0 days 02:38:49,9529.0,200,10,0.8,0.6,0,1,4.0,0.0,0,1,7,2,0,0,115.0,10.409297165942434,P1_Strong
2023-wimbledon-1301,Carlos Alcaraz,Nicolas Jarry,02:39:09,3,8,201,1,1,5,2,0,15,2,1,1,106,95,0,0,0,0,0,0,0,0,0,0,1,0,0,0,0,0,0,0,0,0,0,7.631,6.643,2,116.0,BC,NCTL,ND,0 days 02:39:09,9549.0,201,11,0.8,0.5,1,0,0.0,1.0,0,0,7,2,0,0,20.0,11.739572761085123,P1_Strong
2023-wimbledon-1301,Carlos Alcaraz,Nicolas Jarry,02:39:39,3,8,202,1,1,5,2,15,15,2,1,2,106,96,0,0,0,0,0,0,0,0,0,0,0,0,1,0,1,0,0,0,0,0,0,70.044,52.444,9,116.0,BW,NCTL,ND,0 days 02:39:39,9579.0,202,10,0.8,0.6,0,1,1.0,0.0,0,1,7,2,0,0,30.0,10.85478130586342,P1_Strong
2023-wimbledon-1301,Carlos Alcaraz,Nicolas Jarry,02:40:34,3,8,203,1,1,5,2,15,30,2,1,1,107,96,0,0,0,0,1,0,B,0,0,0,0,0,0,0,0,0,0,0,0,0,0,42.94,42.683,10,127.0,BW,NCTL,ND,0 days 02:40:34,9634.0,203,11,0.6,0.6,1,0,0.0,1.0,0,0,7,2,0,0,55.0,12.17614721820769,P1_Strong
2023-wimbledon-1301,Carlos Alcaraz,Nicolas Jarry,02:41:28,3,8,204,1,1,5,2,30,30,2,1,1,108,96,0,0,0,0,0,0,0,0,0,0,1,0,0,0,0,0,0,0,0,0,0,21.835,17.538,4,114.0,BW,NCTL,D,0 days 02:41:28,9688.0,204,12,0.6,0.6,2,0,1.0,0.0,0,0,7,2,0,0,54.0,13.624931966151228,P1_Strong
2023-wimbledon-1301,Carlos Alcaraz,Nicolas Jarry,02:42:07,3,8,205,1,1,5,2,40,30,2,1,2,108,97,0,0,0,1,0,1,0,0,0,0,0,0,0,0,0,1,0,0,0,1,0,0.729,0.772,1,127.0,W,CTL,NA_ace,0 days 02:42:07,9727.0,205,11,0.6,0.7,0,1,2.0,0.0,0,1,7,2,1,1,39.0,12.377433326828204,P1_Strong
2023-wimbledon-1301,Carlos Alcaraz,Nicolas Jarry,02:42:35,3,8,206,1,1,5,2,40,40,2,1,2,108,98,0,0,0,1,0,1,0,0,0,0,0,0,0,0,0,0,0,0,0,0,0,1.617,0.719,1,114.0,W,CTL,NA_ace,0 days 02:42:35,9755.0,206,10,0.6,0.7,0,2,0.0,1.0,0,1,7,2,0,1,28.0,11.271884660291638,P1_Strong
2023-wimbledon-1301,Carlos Alcaraz,Nicolas Jarry,02:43:02,3,8,207,1,1,5,2,40,AD,2,1,2,108,99,2,0,0,1,0,1,0,0,0,0,0,0,0,0,0,0,0,0,0,0,0,1.136,0.73,1,124.0,C,NCTL,NA_ace,0 days 02:43:02,9782.0,207,9,0.4,0.6,0,3,0.0,2.0,0,1,7,2,0,1,27.0,10.110446967085805,P1_Strong
2023-wimbledon-1301,Carlos Alcaraz,Nicolas Jarry,02:43:47,3,9,208,1,1,5,3,0,0,1,2,1,109,99,0,0,0,0,0,0,0,0,0,0,0,0,0,0,0,0,0,0,0,0,0,7.308,36.062,1,97.0,C,CTL,ND,0 days 02:43:47,9827.0,208,10,0.4,0.5,1,0,0.0,3.0,1,1,8,2,0,0,45.0,10.558238027744089,P1_Strong
2023-wimbledon-1301,Carlos Alcaraz,Nicolas Jarry,02:44:30,3,9,209,1,1,5,3,15,0,1,1,1,110,99,0,0,0,0,1,0,F,0,0,0,0,1,0,1,0,0,0,0,0,0,0,12.63,22.045,3,109.0,C,NCTL,Unknown,0 days 02:44:30,9870.0,209,11,0.4,0.5,2,0,1.0,0.0,1,1,8,2,0,0,43.0,11.062073267189207,P1_Strong
2023-wimbledon-1301,Carlos Alcaraz,Nicolas Jarry,02:45:05,3,9,210,1,1,5,3,30,0,1,2,1,111,99,0,0,0,0,0,0,0,0,0,0,1,0,0,0,0,0,0,0,0,0,0,4.239,3.606,1,95.0,BC,NCTL,D,0 days 02:45:05,9905.0,210,12,0.4,0.5,3,0,2.0,0.0,1,1,8,2,0,0,35.0,11.620831801845423,P1_Strong
2023-wimbledon-1301,Carlos Alcaraz,Nicolas Jarry,02:45:58,3,9,211,1,1,5,3,40,0,1,1,2,111,100,0,0,0,0,0,0,0,0,0,1,0,1,0,0,0,0,0,0,0,0,0,8.358,15.575,2,112.0,C,NCTL,ND,0 days 02:45:58,9958.0,211,11,0.6,0.6,0,1,3.0,0.0,1,0,8,2,0,0,53.0,9.849953627346975,P1_Strong
2023-wimbledon-1301,Carlos Alcaraz,Nicolas Jarry,02:46:29,3,9,212,1,1,5,3,40,15,1,1,1,112,100,1,1,0,0,0,0,0,0,0,0,0,0,0,0,0,0,0,0,0,0,0,11.526,13.833,1,128.0,C,NCTL,D,0 days 02:46:29,9989.0,212,12,0.6,0.5,1,0,0.0,1.0,1,1,8,2,0,0,31.0,10.302954554800037,P1_Strong
2023-wimbledon-1301,Carlos Alcaraz,Nicolas Jarry,02:49:17,4,1,213,2,1,0,0,0,0,2,2,1,113,100,0,0,0,0,0,0,0,0,0,0,1,0,1,0,0,0,0,0,0,0,0,32.923,14.93,4,110.0,BW,CTL,ND,0 days 02:49:17,10157.0,213,13,0.8,0.6,2,0,1.0,0.0,0,0,0,3,0,0,168.0,11.789203156011727,P1_Strong
2023-wimbledon-1301,Carlos Alcaraz,Nicolas Jarry,02:50:03,4,1,214,2,1,0,0,15,0,2,2,2,113,101,0,0,0,0,0,0,0,0,0,0,0,0,0,0,0,0,0,0,0,0,0,16.843,16.987,3,98.0,BW,NCTL,D,0 days 02:50:03,10203.0,214,12,0.8,0.6,0,1,2.0,0.0,0,1,0,3,0,0,46.0,10.903419092891491,P1_Strong
2023-wimbledon-1301,Carlos Alcaraz,Nicolas Jarry,02:50:48,4,1,215,2,1,0,0,15,15,2,1,2,113,102,0,0,0,0,0,0,0,0,0,0,0,0,0,0,0,0,0,0,0,0,0,8.902,6.893,1,109.0,W,CTL,Unknown,0 days 02:50:48,10248.0,215,11,0.6,0.5,0,2,0.0,1.0,0,1,0,3,0,0,45.0,9.970350711033662,P1_Strong
2023-wimbledon-1301,Carlos Alcaraz,Nicolas Jarry,02:51:12,4,1,216,2,1,0,0,15,30,2,1,2,113,103,0,0,0,0,0,0,0,0,0,0,0,0,1,0,1,0,0,0,0,0,0,7.188,8.153,1,128.0,W,CTL,D,0 days 02:51:12,10272.0,216,10,0.4,0.5,0,3,0.0,2.0,0,1,0,3,0,0,24.0,8.99094369681299,P1_Strong
2023-wimbledon-1301,Carlos Alcaraz,Nicolas Jarry,02:51:40,4,1,217,2,1,0,0,15,40,2,1,2,113,104,2,0,0,0,0,1,0,0,0,0,0,0,0,0,0,0,0,0,0,0,0,1.203,0.911,1,129.0,C,NCTL,Unknown,0 days 02:51:40,10300.0,217,9,0.4,0.5,0,4,0.0,3.0,0,1,0,3,0,0,28.0,7.966124822876729,P1_Strong
2023-wimbledon-1301,Carlos Alcaraz,Nicolas Jarry,02:52:35,4,2,218,2,1,0,1,0,0,1,1,1,114,104,0,0,0,0,0,0,0,0,0,0,0,0,0,0,0,0,0,0,0,0,0,25.195,30.651,7,121.0,C,NCTL,ND,0 days 02:52:35,10355.0,218,10,0.2,0.5,1,0,0.0,4.0,1,1,1,3,0,0,55.0,8.456802326419195,P1_Strong
2023-wimbledon-1301,Carlos Alcaraz,Nicolas Jarry,02:53:10,4,2,219,2,1,0,1,15,0,1,2,2,114,105,0,0,0,0,0,0,0,1,0,1,0,0,0,0,0,0,0,0,0,0,0,1.544,2.202,0,99.0,BW,CTL,Unknown,0 days 02:53:10,10390.0,219,9,0.2,0.5,0,1,1.0,0.0,1,0,1,3,0,0,35.0,6.749204741429273,P1_Strong
2023-wimbledon-1301,Carlos Alcaraz,Nicolas Jarry,02:54:03,4,2,220,2,1,0,1,15,15,1,1,2,114,106,0,0,0,0,0,0,0,0,0,1,0,0,0,0,0,0,0,0,0,0,0,12.946,29.134,2,126.0,BC,CTL,ND,0 days 02:54:03,10443.0,220,8,0.2,0.4,0,2,0.0,1.0,1,0,1,3,0,0,53.0,4.921912954292996,P1_Strong
2023-wimbledon-1301,Carlos Alcaraz,Nicolas Jarry,02:54:43,4,2,221,2,1,0,1,15,30,1,1,1,115,106,0,0,0,0,0,0,0,0,0,0,0,0,0,0,0,0,0,0,0,0,0,4.202,7.353,1,117.0,C,NCTL,ND,0 days 02:54:43,10483.0,221,9,0.2,0.3,1,0,0.0,2.0,1,1,1,3,0,0,40.0,5.473474695207136,P1_Strong
2023-wimbledon-1301,Carlos Alcaraz,Nicolas Jarry,02:55:10,4,2,222,2,1,0,1,30,30,1,2,2,115,107,0,0,0,0,0,0,0,1,0,1,0,0,0,0,0,0,0,0,0,0,0,5.061,5.626,0,99.0,C,CTL,ND,0 days 02:55:10,10510.0,222,8,0.4,0.4,0,1,1.0,0.0,1,0,1,3,0,0,27.0,3.8255436628414548,P1_Strong
2023-wimbledon-1301,Carlos Alcaraz,Nicolas Jarry,02:55:53,4,2,223,2,1,0,1,30,40,1,2,2,115,108,2,0,0,0,0,0,0,0,0,0,0,0,0,0,0,0,1,0,1,0,0,40.04,44.105,10,93.0,BW,NCTL,ND,0 days 02:55:53,10553.0,223,7,0.4,0.3,0,2,0.0,1.0,1,0,1,3,1,1,43.0,1.2105712511230873,P1_Slight
2023-wimbledon-1301,Carlos Alcaraz,Nicolas Jarry,02:57:09,4,3,224,2,1,0,2,0,0,2,1,2,115,109,0,0,0,0,0,0,0,0,0,0,0,0,1,0,1,0,0,0,0,0,0,15.329,13.638,3,124.0,BC,NCTL,Unknown,0 days 02:57:09,10629.0,224,6,0.2,0.2,0,3,0.0,2.0,0,1,2,3,0,0,76.0,0.4063598261006255,Neutral
2023-wimbledon-1301,Carlos Alcaraz,Nicolas Jarry,02:57:46,4,3,225,2,1,0,2,0,15,2,2,1,116,109,0,0,0,0,0,0,0,0,0,0,0,0,0,0,0,0,0,0,0,0,0,6.648,6.862,2,113.0,C,NCTL,ND,0 days 02:57:46,10666.0,225,7,0.2,0.2,1,0,0.0,3.0,0,0,2,3,0,0,37.0,1.9366941680401513,P1_Slight
2023-wimbledon-1301,Carlos Alcaraz,Nicolas Jarry,02:58:32,4,3,226,2,1,0,2,15,15,2,1,2,116,110,0,0,0,0,0,0,0,0,0,0,0,0,1,0,1,0,0,0,0,0,0,18.285,13.035,3,112.0,W,NCTL,ND,0 days 02:58:32,10712.0,226,6,0.4,0.3,0,1,1.0,0.0,0,1,2,3,0,0,46.0,1.2479602846793483,P1_Slight
2023-wimbledon-1301,Carlos Alcaraz,Nicolas Jarry,02:59:15,4,3,227,2,1,0,2,15,30,2,1,2,116,111,0,0,0,0,0,1,F,0,0,0,0,0,1,0,1,0,0,0,0,0,0,15.033,14.679,3,129.0,B,NCTL,ND,0 days 02:59:15,10755.0,227,5,0.2,0.3,0,2,0.0,1.0,0,1,2,3,0,0,43.0,0.5080010789857612,Neutral
2023-wimbledon-1301,Carlos Alcaraz,Nicolas Jarry,02:59:48,4,3,228,2,1,0,2,15,40,2,1,1,117,111,0,0,0,0,1,0,F,0,0,0,0,1,0,1,0,0,0,0,0,0,0,51.154,40.057,8,113.0,W,CTL,D,0 days 02:59:48,10788.0,228,6,0.2,0.3,1,0,0.0,2.0,0,0,2,3,0,0,33.0,2.036302595867584,P1_Strong
2023-wimbledon-1301,Carlos Alcaraz,Nicolas Jarry,03:00:40,4,3,229,2,1,0,2,30,40,2,2,1,118,111,0,0,0,0,0,0,0,0,0,0,1,0,0,0,0,0,0,0,0,0,0,37.839,42.274,10,108.0,C,NCTL,D,0 days 03:00:40,10840.0,229,7,0.4,0.3,2,0,1.0,0.0,0,0,2,3,0,0,52.0,3.6878842362579247,P1_Strong
2023-wimbledon-1301,Carlos Alcaraz,Nicolas Jarry,03:01:47,4,3,230,2,1,0,2,40,40,2,1,1,119,111,0,0,0,0,0,0,0,0,0,0,0,0,0,0,0,0,0,0,0,0,0,22.348,25.995,4,117.0,BW,NCTL,D,0 days 03:01:47,10907.0,230,8,0.6,0.4,3,0,2.0,0.0,0,0,2,3,0,1,67.0,5.829511166917381,P1_Strong
2023-wimbledon-1301,Carlos Alcaraz,Nicolas Jarry,03:02:25,4,3,231,2,1,0,2,AD,40,2,1,2,119,112,0,0,0,0,0,1,F,0,0,0,0,0,1,0,1,1,0,0,0,1,0,20.832,18.923,5,131.0,W,CTL,Unknown,0 days 03:02:25,10945.0,231,7,0.6,0.5,0,1,3.0,0.0,0,1,2,3,1,1,38.0,4.737920943579034,P1_Strong
2023-wimbledon-1301,Carlos Alcaraz,Nicolas Jarry,03:03:27,4,3,232,2,1,0,2,40,40,2,1,2,119,113,0,0,0,0,0,0,0,0,0,0,0,0,1,0,1,0,0,0,0,0,0,18.666,20.844,3,127.0,C,NCTL,ND,0 days 03:03:27,11007.0,232,6,0.6,0.4,0,2,0.0,1.0,0,1,2,3,0,1,62.0,3.7851625247074536,P1_Strong
2023-wimbledon-1301,Carlos Alcaraz,Nicolas Jarry,03:04:06,4,3,233,2,1,0,2,40,AD,2,1,1,120,113,0,0,0,0,1,0,B,0,0,0,0,0,1,0,0,0,0,0,0,0,0,17.768,17.486,4,119.0,C,NCTL,ND,0 days 03:04:06,11046.0,233,7,0.6,0.4,1,0,0.0,2.0,0,0,2,3,0,1,39.0,5.55561312036715,P1_Strong
2023-wimbledon-1301,Carlos Alcaraz,Nicolas Jarry,03:05:04,4,3,234,2,1,0,2,40,40,2,1,2,120,114,0,0,0,0,0,1,F,0,0,0,0,0,0,0,0,0,0,0,0,0,0,16.272,4.794,3,121.0,C,NCTL,ND,0 days 03:05:04,11104.0,234,6,0.6,0.5,0,1,1.0,0.0,0,1,2,3,0,1,58.0,4.664500857959807,P1_Strong
2023-wimbledon-1301,Carlos Alcaraz,Nicolas Jarry,03:05:36,4,3,235,2,1,0,2,40,AD,2,1,1,121,114,0,0,0,0,1,0,F,0,0,0,0,0,1,0,0,0,0,0,0,0,0,19.741,11.995,4,129.0,W,CTL,ND,0 days 03:05:36,11136.0,235,7,0.4,0.5,1,0,0.0,1.0,0,0,2,3,0,1,32.0,6.417364686954456,P1_Strong
2023-wimbledon-1301,Carlos Alcaraz,Nicolas Jarry,03:06:16,4,3,236,2,1,0,2,40,40,2,2,1,122,114,0,0,0,0,0,0,0,0,0,0,1,0,1,0,0,0,0,0,0,0,0,16.566,12.049,4,105.0,BC,NCTL,ND,0 days 03:06:16,11176.0,236,8,0.4,0.5,2,0,1.0,0.0,0,0,2,3,0,1,40.0,8.319786623984598,P1_Strong
2023-wimbledon-1301,Carlos Alcaraz,Nicolas Jarry,03:07:09,4,3,237,2,1,0,2,AD,40,2,1,2,122,115,0,0,0,1,0,1,0,0,0,0,0,0,0,0,0,1,0,0,0,1,0,1.015,0.741,1,121.0,C,CTL,NA_ace,0 days 03:07:09,11229.0,237,7,0.6,0.6,0,1,2.0,0.0,0,1,2,3,1,1,53.0,7.178390891504907,P1_Strong
2023-wimbledon-1301,Carlos Alcaraz,Nicolas Jarry,03:07:38,4,3,238,2,1,0,2,40,40,2,2,2,122,116,0,0,0,0,0,1,F,0,0,0,0,0,1,0,1,0,0,0,0,0,0,34.6,48.407,7,110.0,B,NCTL,ND,0 days 03:07:38,11258.0,238,6,0.6,0.6,0,2,0.0,1.0,0,1,2,3,0,1,29.0,6.176823073674809,P1_Strong
2023-wimbledon-1301,Carlos Alcaraz,Nicolas Jarry,03:09:02,4,3,239,2,1,0,2,40,AD,2,1,1,123,116,0,0,0,0,0,0,0,0,0,0,0,0,0,0,0,0,0,0,0,0,0,30.164,23.903,6,128.0,BW,NCTL,ND,0 days 03:09:02,11342.0,239,7,0.4,0.5,1,0,0.0,2.0,0,0,2,3,0,1,84.0,7.899440458355158,P1_Strong
2023-wimbledon-1301,Carlos Alcaraz,Nicolas Jarry,03:09:55,4,3,240,2,1,0,2,40,40,2,1,2,123,117,0,0,0,0,0,0,0,0,0,0,0,0,0,0,0,0,0,0,0,0,0,11.716,8.067,1,114.0,W,NCTL,D,0 days 03:09:55,11395.0,240,6,0.6,0.5,0,1,1.0,0.0,0,1,2,3,0,1,53.0,6.961451649188054,P1_Strong
2023-wimbledon-1301,Carlos Alcaraz,Nicolas Jarry,03:10:27,4,3,241,2,1,0,2,40,AD,2,1,2,123,118,2,0,0,0,0,0,0,0,0,0,0,0,0,0,0,0,0,0,0,0,0,11.645,8.043,1,119.0,C,NCTL,D,0 days 03:10:27,11427.0,241,5,0.4,0.4,0,2,0.0,1.0,0,1,2,3,0,1,32.0,5.964222616204293,P1_Strong
2023-wimbledon-1301,Carlos Alcaraz,Nicolas Jarry,03:12:34,4,4,242,2,1,0,3,0,0,1,1,1,124,118,0,0,0,0,0,0,0,0,0,0,0,0,0,0,0,0,0,0,0,0,0,5.839,7.128,1,129.0,BC,CTL,ND,0 days 03:12:34,11554.0,242,6,0.2,0.4,1,0,0.0,2.0,1,1,3,3,0,0,127.0,6.4949381638802075,P1_Strong
2023-wimbledon-1301,Carlos Alcaraz,Nicolas Jarry,03:12:51,4,4,243,2,1,0,3,15,0,1,1,2,124,119,0,0,0,0,0,0,0,0,0,1,0,0,0,0,0,0,0,0,0,0,0,5.707,6.699,2,117.0,BC,NCTL,ND,0 days 03:12:51,11571.0,243,5,0.4,0.5,0,1,1.0,0.0,1,0,3,3,0,0,17.0,4.826577862141065,P1_Strong
2023-wimbledon-1301,Carlos Alcaraz,Nicolas Jarry,03:13:12,4,4,244,2,1,0,3,15,15,1,2,2,124,120,0,0,0,0,0,0,0,1,0,1,0,0,0,0,0,0,0,0,0,0,0,1.518,3.162,0,99.0,C,CTL,Unknown,0 days 03:13:12,11592.0,244,4,0.4,0.4,0,2,0.0,1.0,1,0,3,3,0,0,21.0,3.037738612590551,P1_Strong
2023-wimbledon-1301,Carlos Alcaraz,Nicolas Jarry,03:13:47,4,4,245,2,1,0,3,15,30,1,1,2,124,121,0,0,0,0,0,0,0,0,0,0,0,0,0,0,0,0,0,0,0,0,0,10.416,9.26,2,112.0,C,NCTL,D,0 days 03:13:47,11627.0,245,3,0.2,0.4,0,3,0.0,2.0,1,0,3,3,0,0,35.0,1.130829994184894,P1_Slight
2023-wimbledon-1301,Carlos Alcaraz,Nicolas Jarry,03:14:07,4,4,246,2,1,0,3,15,40,1,2,1,125,121,0,0,0,0,0,0,0,0,0,0,0,0,0,0,0,0,1,0,0,0,1,6.55,8.454,1,126.0,BC,NCTL,ND,0 days 03:14:07,11647.0,246,4,0.2,0.3,1,0,0.0,3.0,1,1,3,3,1,1,20.0,2.0832133943011963,P1_Strong
2023-wimbledon-1301,Carlos Alcaraz,Nicolas Jarry,03:14:44,4,4,247,2,1,0,3,30,40,1,1,1,126,121,0,0,0,0,0,0,0,0,0,0,0,1,0,1,0,0,1,0,0,0,1,18.155,25.921,3,110.0,W,CTL,Unknown,0 days 03:14:44,11684.0,247,5,0.4,0.3,2,0,1.0,0.0,1,1,3,3,1,1,37.0,3.1140491264151726,P1_Strong
2023-wimbledon-1301,Carlos Alcaraz,Nicolas Jarry,03:15:12,4,4,248,2,1,0,3,40,40,1,2,1,127,121,0,0,0,0,1,0,F,0,0,0,0,1,0,1,0,0,0,0,0,0,0,9.226,9.783,3,111.0,W,NCTL,Unknown,0 days 03:15:12,11712.0,248,6,0.4,0.4,3,0,2.0,0.0,1,1,3,3,0,1,28.0,3.9877681438868695,P1_Strong
2023-wimbledon-1301,Carlos Alcaraz,Nicolas Jarry,03:15:53,4,4,249,2,1,0,3,AD,40,1,2,1,128,121,1,0,0,0,0,0,0,0,0,0,1,0,0,0,0,0,0,0,0,0,0,23.988,22.561,7,90.0,B,NCTL,ND,0 days 03:15:53,11753.0,249,7,0.6,0.5,4,0,3.0,0.0,1,1,3,3,0,1,41.0,4.9220127810091325,P1_Strong
2023-wimbledon-1301,Carlos Alcaraz,Nicolas Jarry,03:16:58,4,5,250,2,1,1,3,0,0,2,1,2,128,122,0,0,0,0,0,0,0,0,0,0,0,0,0,0,0,0,0,0,0,0,0,14.05,8.179,1,113.0,W,CTL,ND,0 days 03:16:58,11818.0,250,6,0.8,0.5,0,1,4.0,0.0,0,1,4,3,0,0,65.0,4.173572525388949,P1_Strong
2023-wimbledon-1301,Carlos Alcaraz,Nicolas Jarry,03:17:22,4,5,251,2,1,1,3,0,15,2,1,1,129,122,0,0,0,0,0,0,0,0,0,0,1,0,0,0,0,0,0,0,0,0,0,11.046,4.252,2,129.0,B,NCTL,ND,0 days 03:17:22,11842.0,251,7,0.8,0.5,1,0,0.0,1.0,0,0,4,3,0,0,24.0,5.628562613342709,P1_Strong
2023-wimbledon-1301,Carlos Alcaraz,Nicolas Jarry,03:17:55,4,5,252,2,1,1,3,15,15,2,2,2,129,123,0,0,0,0,0,1,F,0,0,0,0,0,1,0,1,0,0,0,0,0,0,13.185,8.237,3,99.0,B,NCTL,ND,0 days 03:17:55,11875.0,252,6,0.8,0.6,0,1,1.0,0.0,0,1,4,3,0,0,33.0,4.865991361075854,P1_Strong
2023-wimbledon-1301,Carlos Alcaraz,Nicolas Jarry,03:18:44,4,5,253,2,1,1,3,15,30,2,1,2,129,124,0,0,0,0,0,1,B,0,0,0,0,0,0,0,0,0,0,0,0,0,0,16.359,7.683,3,123.0,C,NCTL,ND,0 days 03:18:44,11924.0,253,5,0.6,0.5,0,2,0.0,1.0,0,1,4,3,0,0,49.0,4.053671533854337,P1_Strong
2023-wimbledon-1301,Carlos Alcaraz,Nicolas Jarry,03:19:13,4,5,254,2,1,1,3,15,40,2,1,1,130,124,0,0,0,0,0,0,0,0,0,0,1,0,0,0,0,0,0,0,0,0,0,12.312,4.519,2,128.0,C,NCTL,ND,0 days 03:19:13,11953.0,254,6,0.4,0.5,1,0,0.0,2.0,0,0,4,3,0,0,29.0,5.511059641638789,P1_Strong
2023-wimbledon-1301,Carlos Alcaraz,Nicolas Jarry,03:19:46,4,5,255,2,1,1,3,30,40,2,1,1,131,124,0,0,0,0,0,0,0,0,0,0,1,0,0,0,0,0,0,0,0,0,0,20.628,14.913,4,131.0,B,NCTL,ND,0 days 03:19:46,11986.0,255,7,0.4,0.6,2,0,1.0,0.0,0,0,4,3,0,0,33.0,7.093146141113706,P1_Strong
2023-wimbledon-1301,Carlos Alcaraz,Nicolas Jarry,03:20:21,4,5,256,2,1,1,3,40,40,2,1,2,131,125,0,0,0,0,0,0,0,0,0,1,0,0,0,0,0,0,0,0,0,0,0,13.0,11.521,3,131.0,C,NCTL,ND,0 days 03:20:21,12021.0,256,6,0.6,0.7,0,1,2.0,0.0,0,1,4,3,0,1,35.0,6.171283218291431,P1_Strong
2023-wimbledon-1301,Carlos Alcaraz,Nicolas Jarry,03:20:54,4,5,257,2,1,1,3,40,AD,2,1,2,131,126,2,0,0,1,0,1,0,0,0,0,0,0,0,0,0,0,0,0,0,0,0,1.865,1.001,1,116.0,C,CTL,NA_ace,0 days 03:20:54,12054.0,257,5,0.4,0.6,0,2,0.0,1.0,0,1,4,3,0,1,33.0,5.189857553925603,P1_Strong
2023-wimbledon-1301,Carlos Alcaraz,Nicolas Jarry,03:22:58,4,6,258,2,1,1,4,0,0,1,2,2,131,127,0,0,0,0,0,0,0,1,0,1,0,0,0,0,0,0,0,0,0,0,0,7.196,14.763,0,99.0,C,NCTL,ND,0 days 03:22:58,12178.0,258,4,0.4,0.5,0,3,0.0,2.0,1,0,5,3,0,0,124.0,3.2399065566932452,P1_Strong
2023-wimbledon-1301,Carlos Alcaraz,Nicolas Jarry,03:23:55,4,6,259,2,1,1,4,0,15,1,2,1,132,127,0,0,0,0,0,0,0,0,0,0,1,0,0,0,0,0,0,0,0,0,0,18.567,17.63,5,92.0,BW,CTL,D,0 days 03:23:55,12235.0,259,5,0.4,0.4,1,0,0.0,3.0,1,1,5,3,0,0,57.0,3.8251084255593804,P1_Strong
2023-wimbledon-1301,Carlos Alcaraz,Nicolas Jarry,03:25:03,4,6,260,2,1,1,4,15,15,1,1,1,133,127,0,0,0,0,0,0,0,0,0,0,0,0,0,0,0,0,0,0,0,0,0,2.312,3.127,1,113.0,BW,NCTL,D,0 days 03:25:03,12303.0,260,6,0.4,0.4,2,0,1.0,0.0,1,1,5,3,0,0,68.0,4.463606257048193,P1_Strong
2023-wimbledon-1301,Carlos Alcaraz,Nicolas Jarry,03:25:28,4,6,261,2,1,1,4,30,15,1,1,1,134,127,0,0,0,0,0,0,0,0,0,0,0,1,0,1,0,0,0,0,0,0,0,20.729,34.339,5,113.0,BW,CTL,Unknown,0 days 03:25:28,12328.0,261,7,0.4,0.5,3,0,2.0,0.0,1,1,5,3,0,0,25.0,5.1543341319072296,P1_Strong
2023-wimbledon-1301,Carlos Alcaraz,Nicolas Jarry,03:26:04,4,6,262,2,1,1,4,40,15,1,1,1,135,127,1,0,1,0,1,0,0,0,0,0,0,0,0,0,0,0,0,0,0,0,0,0.0,0.0,1,131.0,Unknown,Unknown,NA_ace,0 days 03:26:04,12364.0,262,8,0.6,0.5,4,0,3.0,0.0,1,1,5,3,0,0,36.0,5.896247449269085,P1_Strong
2023-wimbledon-1301,Carlos Alcaraz,Nicolas Jarry,03:27:02,4,7,263,2,1,2,4,0,0,2,1,1,136,127,0,0,0,0,0,0,0,0,0,0,0,0,0,0,0,0,0,0,0,0,0,66.051,71.082,16,126.0,BC,NCTL,D,0 days 03:27:02,12422.0,263,9,0.8,0.6,5,0,4.0,0.0,0,0,6,3,0,0,58.0,7.932168654129857,P1_Strong
2023-wimbledon-1301,Carlos Alcaraz,Nicolas Jarry,03:28:08,4,7,264,2,1,2,4,15,0,2,2,1,137,127,0,0,0,0,0,0,0,0,1,0,1,0,0,0,0,0,0,0,0,0,0,5.41,4.731,0,99.0,BW,CTL,D,0 days 03:28:08,12488.0,264,10,1.0,0.7,6,0,5.0,0.0,0,0,6,3,0,0,66.0,10.081217588739566,P1_Strong
2023-wimbledon-1301,Carlos Alcaraz,Nicolas Jarry,03:28:56,4,7,265,2,1,2,4,30,0,2,1,2,137,128,0,0,0,0,0,0,0,0,0,0,0,0,0,0,0,0,0,0,0,0,0,6.454,4.538,1,129.0,BC,CTL,D,0 days 03:28:56,12536.0,265,9,1.0,0.7,0,1,6.0,0.0,0,1,6,3,0,0,48.0,9.229593236964774,P1_Strong
2023-wimbledon-1301,Carlos Alcaraz,Nicolas Jarry,03:29:21,4,7,266,2,1,2,4,30,15,2,1,1,138,128,0,0,0,0,0,0,0,0,0,0,0,0,1,0,0,0,0,0,0,0,0,5.555,5.758,2,129.0,W,CTL,ND,0 days 03:29:21,12561.0,266,10,0.8,0.6,1,0,0.0,1.0,0,0,6,3,0,0,25.0,10.583462910687016,P1_Strong
2023-wimbledon-1301,Carlos Alcaraz,Nicolas Jarry,03:29:54,4,7,267,2,1,2,4,40,15,2,1,2,138,129,0,0,0,0,0,1,F,0,0,0,0,0,0,0,0,1,0,0,0,1,0,12.044,7.425,3,129.0,BC,CTL,ND,0 days 03:29:54,12594.0,267,9,0.8,0.7,0,1,1.0,0.0,0,1,6,3,1,1,33.0,9.396793652473276,P1_Strong
2023-wimbledon-1301,Carlos Alcaraz,Nicolas Jarry,03:30:31,4,7,268,2,1,2,4,40,30,2,1,1,139,129,1,0,0,0,0,0,0,0,0,0,1,0,1,0,0,1,0,1,0,0,0,11.127,11.612,2,129.0,W,CTL,ND,0 days 03:30:31,12631.0,268,10,0.6,0.7,1,0,0.0,1.0,0,0,6,3,1,1,37.0,11.51655008711612,P1_Strong
2023-wimbledon-1301,Carlos Alcaraz,Nicolas Jarry,03:32:27,4,8,269,2,1,3,4,0,0,1,1,1,140,129,0,0,0,0,0,0,0,0,0,0,0,0,0,0,0,0,0,0,0,0,0,29.269,23.931,7,123.0,C,CTL,D,0 days 03:32:27,12747.0,269,11,0.6,0.8,2,0,1.0,0.0,1,1,7,3,0,0,116.0,12.001219085373796,P1_Strong
2023-wimbledon-1301,Carlos Alcaraz,Nicolas Jarry,03:33:01,4,8,270,2,1,3,4,15,0,1,2,1,141,129,0,0,0,0,1,0,F,0,0,0,0,0,0,0,0,0,0,0,0,0,0,5.17,12.344,3,90.0,W,CTL,ND,0 days 03:33:01,12781.0,270,12,0.6,0.8,3,0,2.0,0.0,1,1,7,3,0,0,34.0,12.541194703666319,P1_Strong
2023-wimbledon-1301,Carlos Alcaraz,Nicolas Jarry,03:33:45,4,8,271,2,1,3,4,30,0,1,2,2,141,130,0,0,0,0,0,0,0,1,0,1,0,0,0,0,0,0,0,0,0,0,0,4.901,6.558,0,99.0,BC,CTL,Unknown,0 days 03:33:45,12825.0,271,11,0.8,0.8,0,1,3.0,0.0,1,0,7,3,0,0,44.0,10.751909271131455,P1_Strong
2023-wimbledon-1301,Carlos Alcaraz,Nicolas Jarry,03:34:24,4,8,272,2,1,3,4,30,15,1,1,1,142,130,0,0,0,0,0,0,0,0,0,0,0,0,0,0,0,0,0,0,0,0,0,2.559,2.69,1,113.0,BC,NCTL,ND,0 days 03:34:24,12864.0,272,12,0.6,0.7,1,0,0.0,1.0,1,1,7,3,0,0,39.0,11.186871085708827,P1_Strong
2023-wimbledon-1301,Carlos Alcaraz,Nicolas Jarry,03:34:53,4,8,273,2,1,3,4,40,15,1,1,1,143,130,1,0,0,0,0,0,0,0,0,0,0,0,0,0,0,0,0,0,0,0,0,4.559,5.6,1,115.0,BW,NCTL,ND,0 days 03:34:53,12893.0,273,13,0.8,0.7,2,0,1.0,0.0,1,1,7,3,0,0,29.0,11.67813366399465,P1_Strong
2023-wimbledon-1301,Carlos Alcaraz,Nicolas Jarry,03:35:32,4,9,274,2,1,4,4,0,0,2,1,2,143,131,0,0,0,0,0,0,0,0,0,0,0,0,0,0,0,0,0,0,0,0,0,6.958,3.314,1,108.0,W,CTL,D,0 days 03:35:32,12932.0,274,12,0.8,0.7,0,1,2.0,0.0,0,1,8,3,0,0,39.0,10.794570990714757,P1_Strong
2023-wimbledon-1301,Carlos Alcaraz,Nicolas Jarry,03:35:54,4,9,275,2,1,4,4,0,15,2,1,1,144,131,0,0,0,0,0,0,0,0,0,0,1,0,0,0,0,0,0,0,0,0,0,21.572,16.683,4,121.0,C,NCTL,D,0 days 03:35:54,12954.0,275,13,0.6,0.6,1,0,0.0,1.0,0,0,8,3,0,0,22.0,12.117141109362,P1_Strong
2023-wimbledon-1301,Carlos Alcaraz,Nicolas Jarry,03:36:26,4,9,276,2,1,4,4,15,15,2,1,2,144,132,0,0,0,1,0,1,0,0,0,0,0,0,0,0,0,0,0,0,0,0,0,1.796,1.106,1,110.0,W,CTL,NA_ace,0 days 03:36:26,12986.0,276,12,0.6,0.7,0,1,1.0,0.0,0,1,8,3,0,0,32.0,11.22479828717476,P1_Strong
2023-wimbledon-1301,Carlos Alcaraz,Nicolas Jarry,03:36:52,4,9,277,2,1,4,4,15,30,2,1,2,144,133,0,0,0,0,0,1,F,0,0,0,0,0,1,0,1,0,0,0,0,0,0,14.401,6.747,3,110.0,C,NCTL,ND,0 days 03:36:52,13012.0,277,11,0.6,0.6,0,2,0.0,1.0,0,1,8,3,0,0,26.0,10.285302321431265,P1_Strong
2023-wimbledon-1301,Carlos Alcaraz,Nicolas Jarry,03:37:21,4,9,278,2,1,4,4,15,40,2,2,2,144,134,2,0,0,0,0,0,0,0,0,1,0,1,0,0,0,0,0,0,0,0,0,28.05,22.624,7,105.0,BC,NCTL,D,0 days 03:37:21,13041.0,278,10,0.4,0.6,0,3,0.0,2.0,0,1,8,3,0,0,29.0,9.29959627500264,P1_Strong
2023-wimbledon-1301,Carlos Alcaraz,Nicolas Jarry,03:39:32,4,10,279,2,1,4,5,0,0,1,2,1,145,134,0,0,0,0,1,0,B,0,0,0,0,0,0,0,0,0,0,0,0,0,0,8.178,10.283,3,101.0,BC,NCTL,ND,0 days 03:39:32,13172.0,279,11,0.2,0.5,1,0,0.0,3.0,1,1,9,3,0,0,131.0,9.763604349502588,P1_Strong
2023-wimbledon-1301,Carlos Alcaraz,Nicolas Jarry,03:40:14,4,10,280,2,1,4,5,15,0,1,2,1,146,134,0,0,0,0,0,0,0,0,0,0,1,0,0,0,0,0,0,0,0,0,0,9.464,9.553,3,92.0,B,NCTL,ND,0 days 03:40:14,13214.0,280,12,0.4,0.5,2,0,1.0,0.0,1,1,9,3,0,0,42.0,10.283332262512536,P1_Strong
2023-wimbledon-1301,Carlos Alcaraz,Nicolas Jarry,03:41:00,4,10,281,2,1,4,5,30,0,1,1,2,146,135,0,0,0,0,0,0,0,0,0,1,0,0,0,0,0,0,0,0,0,0,0,15.671,18.724,4,124.0,BC,NCTL,ND,0 days 03:41:00,13260.0,281,11,0.4,0.5,0,1,2.0,0.0,1,0,9,3,0,0,46.0,8.539204078800747,P1_Strong
2023-wimbledon-1301,Carlos Alcaraz,Nicolas Jarry,03:41:32,4,10,282,2,1,4,5,30,15,1,1,1,147,135,0,0,0,0,1,0,F,0,0,0,0,1,0,1,0,0,0,0,0,0,0,35.211,41.728,11,121.0,C,NCTL,D,0 days 03:41:32,13292.0,282,12,0.4,0.5,1,0,0.0,1.0,1,1,9,3,0,0,32.0,9.018419997224733,P1_Strong
2023-wimbledon-1301,Carlos Alcaraz,Nicolas Jarry,03:42:16,4,10,283,2,1,4,5,40,15,1,1,2,147,136,0,0,0,0,0,0,0,0,0,0,0,1,0,0,0,0,0,0,0,0,0,6.304,5.466,2,115.0,W,NCTL,ND,0 days 03:42:16,13336.0,283,11,0.6,0.5,0,1,1.0,0.0,1,0,9,3,0,0,44.0,7.2995900588186995,P1_Strong
2023-wimbledon-1301,Carlos Alcaraz,Nicolas Jarry,03:42:48,4,10,284,2,1,4,5,40,30,1,2,2,147,137,0,0,0,0,0,0,0,0,0,0,0,0,0,0,0,0,0,0,0,0,0,18.374,24.586,6,95.0,BW,NCTL,ND,0 days 03:42:48,13368.0,284,10,0.6,0.4,0,2,0.0,1.0,1,0,9,3,0,0,32.0,5.461290565334633,P1_Strong
2023-wimbledon-1301,Carlos Alcaraz,Nicolas Jarry,03:43:49,4,10,285,2,1,4,5,40,40,1,1,1,148,137,0,0,0,0,1,0,F,0,0,0,0,0,0,0,0,0,0,0,0,0,0,9.086,13.871,3,129.0,C,CTL,D,0 days 03:43:49,13429.0,285,11,0.4,0.4,1,0,0.0,2.0,1,1,9,3,0,1,61.0,6.132064754027941,P1_Strong
2023-wimbledon-1301,Carlos Alcaraz,Nicolas Jarry,03:44:23,4,10,286,2,1,4,5,AD,40,1,1,1,149,137,1,0,0,0,0,0,0,0,0,0,0,0,0,0,0,0,0,0,0,0,0,3.861,4.678,1,113.0,C,NCTL,ND,0 days 03:44:23,13463.0,286,12,0.4,0.4,2,0,1.0,0.0,1,1,9,3,0,1,34.0,6.867423458947382,P1_Strong
2023-wimbledon-1301,Carlos Alcaraz,Nicolas Jarry,03:45:10,4,11,287,2,1,5,5,0,0,2,1,2,149,138,0,0,0,0,0,0,0,0,0,0,0,0,0,0,0,0,0,0,0,0,0,14.701,6.51,1,125.0,BC,CTL,ND,0 days 03:45:10,13510.0,287,11,0.6,0.5,0,1,2.0,0.0,0,1,10,3,0,0,47.0,6.080074989768434,P1_Strong
2023-wimbledon-1301,Carlos Alcaraz,Nicolas Jarry,03:45:48,4,11,288,2,1,5,5,0,15,2,2,1,150,138,0,0,0,0,0,0,0,0,0,0,0,1,0,1,0,0,0,0,0,0,0,10.826,11.492,2,92.0,BW,NCTL,D,0 days 03:45:48,13548.0,288,12,0.4,0.5,1,0,0.0,1.0,0,0,10,3,0,0,38.0,7.496935028434604,P1_Strong
2023-wimbledon-1301,Carlos Alcaraz,Nicolas Jarry,03:46:28,4,11,289,2,1,5,5,15,15,2,1,2,150,139,0,0,0,0,0,1,F,0,0,0,0,0,1,0,1,0,0,0,0,0,0,26.067,25.256,9,130.0,BC,NCTL,ND,0 days 03:46:28,13588.0,289,11,0.6,0.6,0,1,1.0,0.0,0,1,10,3,0,0,40.0,6.696996327865911,P1_Strong
2023-wimbledon-1301,Carlos Alcaraz,Nicolas Jarry,03:47:15,4,11,290,2,1,5,5,15,30,2,1,1,151,139,0,0,0,0,0,0,0,0,0,0,0,0,0,0,0,0,0,0,0,0,0,17.319,11.144,4,113.0,C,NCTL,D,0 days 03:47:15,13635.0,290,12,0.6,0.5,1,0,0.0,1.0,0,0,10,3,0,0,47.0,8.101517939770131,P1_Strong
2023-wimbledon-1301,Carlos Alcaraz,Nicolas Jarry,03:47:51,4,11,291,2,1,5,5,30,30,2,2,1,152,139,0,0,0,0,0,0,0,0,0,0,1,0,1,0,0,0,0,0,0,0,0,31.781,21.505,6,113.0,BW,NCTL,D,0 days 03:47:51,13671.0,291,13,0.6,0.5,2,0,1.0,0.0,0,0,10,3,0,0,36.0,9.631795273282421,P1_Strong
2023-wimbledon-1301,Carlos Alcaraz,Nicolas Jarry,03:48:58,4,11,292,2,1,5,5,40,30,2,2,1,153,139,1,0,0,0,1,0,B,0,0,0,0,0,0,0,0,1,0,1,0,0,0,6.414,5.129,2,108.0,BW,NCTL,D,0 days 03:48:58,13738.0,292,14,0.6,0.6,3,0,2.0,0.0,0,0,10,3,1,1,67.0,12.208390137047541,P1_Strong
2023-wimbledon-1301,Carlos Alcaraz,Nicolas Jarry,03:50:55,4,12,293,2,1,6,5,0,0,1,2,2,153,140,0,0,0,0,0,0,0,0,0,1,0,0,0,0,0,0,0,0,0,0,0,36.084,26.436,8,112.0,B,NCTL,D,0 days 03:50:55,13855.0,293,13,0.8,0.6,0,1,3.0,0.0,1,0,11,3,0,0,117.0,10.425760795845052,P1_Strong
2023-wimbledon-1301,Carlos Alcaraz,Nicolas Jarry,03:51:52,4,12,294,2,1,6,5,0,15,1,1,1,154,140,0,0,0,0,0,0,0,0,0,0,0,1,0,1,0,0,0,0,0,0,0,16.595,20.15,5,120.0,C,NCTL,Unknown,0 days 03:51:52,13912.0,294,14,0.6,0.6,1,0,0.0,1.0,1,1,11,3,0,0,57.0,10.867245579928152,P1_Strong
2023-wimbledon-1301,Carlos Alcaraz,Nicolas Jarry,03:52:30,4,12,295,2,1,6,5,15,15,1,2,1,155,140,0,0,0,0,1,0,F,0,0,0,0,0,1,0,0,0,0,0,0,0,0,27.722,36.86,3,104.0,B,CTL,ND,0 days 03:52:30,13950.0,295,15,0.8,0.7,2,0,1.0,0.0,1,1,11,3,0,0,38.0,11.36490066832959,P1_Strong
2023-wimbledon-1301,Carlos Alcaraz,Nicolas Jarry,03:53:25,4,12,296,2,1,6,5,30,15,1,1,2,155,141,0,0,0,0,0,0,0,0,0,0,0,1,0,0,0,0,0,0,0,0,0,10.044,9.281,2,130.0,BW,NCTL,ND,0 days 03:53:25,14005.0,296,14,0.8,0.7,0,1,2.0,0.0,1,0,11,3,0,0,55.0,9.599141116501459,P1_Strong
2023-wimbledon-1301,Carlos Alcaraz,Nicolas Jarry,03:54:01,4,12,297,2,1,6,5,30,30,1,1,2,155,142,0,0,0,0,0,1,B,0,0,0,0,0,0,0,0,0,0,0,0,0,0,52.318,58.723,14,113.0,BW,NCTL,ND,0 days 03:54:01,14041.0,297,13,0.6,0.6,0,2,0.0,1.0,1,0,11,3,0,0,36.0,7.714850601863737,P1_Strong
2023-wimbledon-1301,Carlos Alcaraz,Nicolas Jarry,03:55:02,4,12,298,2,1,6,5,30,40,1,1,1,156,142,0,0,0,0,0,0,0,0,0,0,0,0,0,0,0,0,1,0,0,0,1,2.056,1.509,1,129.0,B,NCTL,ND,0 days 03:55:02,14102.0,298,14,0.4,0.6,1,0,0.0,2.0,1,1,11,3,1,1,61.0,8.535553589826463,P1_Strong
2023-wimbledon-1301,Carlos Alcaraz,Nicolas Jarry,03:55:34,4,12,299,2,1,6,5,40,40,1,1,1,157,142,0,0,0,0,0,0,0,0,0,0,0,0,0,0,0,0,0,0,0,0,0,12.292,32.582,1,128.0,C,NCTL,ND,0 days 03:55:34,14134.0,299,15,0.6,0.6,2,0,1.0,0.0,1,1,11,3,0,1,32.0,9.222842518029935,P1_Strong
2023-wimbledon-1301,Carlos Alcaraz,Nicolas Jarry,03:56:11,4,12,300,2,1,6,5,AD,40,1,1,1,158,142,1,1,0,0,0,0,0,0,0,0,0,0,0,0,0,0,0,0,0,0,0,3.767,6.518,1,116.0,BW,NCTL,ND,0 days 03:56:11,14171.0,300,16,0.6,0.7,3,0,2.0,0.0,1,1,11,3,0,1,37.0,9.974385667669337,P1_Strong
2023-wimbledon-1302,Alexander Zverev,Matteo Berrettini,00:00:00,1,1,1,0,0,0,0,0,0,2,2,1,1,0,0,0,0,0,0,0,0,0,0,0,1,0,0,0,0,0,0,0,0,0,0,13.646,5.293,2,108.0,BC,NCTL,ND,0 days 00:00:00,0.0,1,1,,,1,0,0.0,0.0,0,0,0,0,0,0,0.0,1.5384615384615383,P1_Slight
2023-wimbledon-1302,Alexander Zverev,Matteo Berrettini,00:00:36,1,1,2,0,0,0,0,15,0,2,1,2,1,1,0,0,0,0,0,0,0,0,0,0,0,0,0,0,0,0,0,0,0,0,0,6.596,4.009,1,124.0,C,NCTL,ND,0 days 00:00:36,36.0,2,0,1.0,1.0,0,1,1.0,0.0,0,1,0,0,0,0,36.0,0.8576923076923075,Neutral
2023-wimbledon-1302,Alexander Zverev,Matteo Berrettini,00:00:58,1,1,3,0,0,0,0,15,15,2,2,2,1,2,0,0,0,0,0,0,0,0,0,0,0,0,0,0,0,0,0,0,0,0,0,72.403,55.989,9,104.0,BW,NCTL,D,0 days 00:00:58,58.0,3,-1,0.5,0.5,0,2,0.0,1.0,0,1,0,0,0,0,22.0,0.1255384615384613,Neutral
2023-wimbledon-1302,Alexander Zverev,Matteo Berrettini,00:01:52,1,1,4,0,0,0,0,15,30,2,2,1,2,2,0,0,0,0,0,0,0,0,0,0,0,0,0,0,0,0,0,0,0,0,0,17.565,8.453,2,98.0,W,NCTL,D,0 days 00:01:52,112.0,4,0,0.3333333333333333,0.3333333333333333,1,0,0.0,2.0,0,0,0,0,0,0,54.0,1.6614892307692304,P1_Slight
2023-wimbledon-1302,Alexander Zverev,Matteo Berrettini,00:02:32,1,1,5,0,0,0,0,30,30,2,2,1,3,2,0,0,0,0,0,0,0,0,1,0,1,0,0,0,0,0,0,0,0,0,0,3.195,2.378,0,99.0,Unknown,Unknown,ND,0 days 00:02:32,152.0,5,1,0.5,0.5,2,0,1.0,0.0,0,0,0,0,0,0,40.0,3.320567138461538,P1_Strong
2023-wimbledon-1302,Alexander Zverev,Matteo Berrettini,00:03:12,1,1,6,0,0,0,0,40,30,2,1,2,3,3,0,0,0,0,0,0,0,0,0,0,0,0,0,0,0,1,0,0,0,1,0,5.414,4.119,1,125.0,C,NCTL,ND,0 days 00:03:12,192.0,6,0,0.6,0.6,0,1,2.0,0.0,0,1,0,0,1,1,40.0,2.279155795692307,P1_Strong
2023-wimbledon-1302,Alexander Zverev,Matteo Berrettini,00:03:37,1,1,7,0,0,0,0,40,40,2,1,2,3,4,0,0,0,0,0,0,0,0,0,0,0,0,0,0,0,0,0,0,0,0,0,4.703,2.976,1,125.0,C,NCTL,ND,0 days 00:03:37,217.0,7,-1,0.4,0.5,0,2,0.0,1.0,0,1,0,0,0,1,25.0,1.3755726797784606,P1_Slight
2023-wimbledon-1302,Alexander Zverev,Matteo Berrettini,00:04:01,1,1,8,0,0,0,0,40,AD,2,2,1,4,4,0,0,0,0,0,0,0,0,0,0,0,0,0,0,0,0,0,0,0,0,0,18.651,14.614,4,106.0,B,NCTL,D,0 days 00:04:01,241.0,8,0,0.4,0.4285714285714285,1,0,0.0,2.0,0,0,0,0,0,1,24.0,3.1942150723367373,P1_Strong
2023-wimbledon-1302,Alexander Zverev,Matteo Berrettini,00:04:45,1,1,9,0,0,0,0,40,40,2,1,2,4,5,0,0,0,0,0,0,0,0,0,0,0,0,0,0,0,0,0,0,0,0,0,4.863,4.433,1,117.0,W,NCTL,D,0 days 00:04:45,285.0,9,-1,0.6,0.5,0,1,1.0,0.0,0,1,0,0,0,1,44.0,2.350330770890002,P1_Strong
2023-wimbledon-1302,Alexander Zverev,Matteo Berrettini,00:05:08,1,1,10,0,0,0,0,40,AD,2,1,1,5,5,0,0,0,0,0,0,0,0,0,0,0,1,0,1,0,0,0,0,0,0,0,21.321,24.065,4,124.0,C,NCTL,D,0 days 00:05:08,308.0,10,0,0.4,0.4444444444444444,1,0,0.0,1.0,0,0,0,0,0,1,23.0,4.149478001626048,P1_Strong
2023-wimbledon-1302,Alexander Zverev,Matteo Berrettini,00:05:42,1,1,11,0,0,0,0,40,40,2,1,2,5,6,0,0,0,1,0,1,0,0,0,0,0,0,0,0,0,0,0,0,0,0,0,0.971,0.589,1,132.0,C,CTL,NA_ace,0 days 00:05:42,342.0,11,-1,0.4,0.5,0,1,1.0,0.0,0,1,0,0,0,1,34.0,3.286488441593527,P1_Strong
2023-wimbledon-1302,Alexander Zverev,Matteo Berrettini,00:06:07,1,1,12,0,0,0,0,40,AD,2,2,2,5,7,2,0,0,0,0,0,0,0,0,1,0,0,0,0,0,0,0,0,0,0,0,17.748,17.025,3,100.0,BC,NCTL,D,0 days 00:06:07,367.0,12,-2,0.4,0.4,0,2,0.0,1.0,0,1,0,0,0,1,25.0,2.3627586727616565,P1_Strong
2023-wimbledon-1302,Alexander Zverev,Matteo Berrettini,00:07:26,1,2,13,0,0,0,1,0,0,1,1,1,6,7,0,0,0,0,1,0,B,0,0,0,0,1,0,1,0,0,0,0,0,0,0,10.801,8.378,3,137.0,C,NCTL,ND,0 days 00:07:26,446.0,13,-1,0.4,0.4,1,0,0.0,2.0,1,1,1,0,0,0,79.0,2.9655034993064233,P1_Strong
2023-wimbledon-1302,Alexander Zverev,Matteo Berrettini,00:07:52,1,2,14,0,0,0,1,15,0,1,2,1,7,7,0,0,0,0,0,0,0,0,0,0,0,0,0,0,0,0,0,0,0,0,0,10.715,12.196,3,97.0,W,CTL,ND,0 days 00:07:52,472.0,14,0,0.4,0.5,2,0,1.0,0.0,1,1,1,0,0,0,26.0,3.621193429320295,P1_Strong
2023-wimbledon-1302,Alexander Zverev,Matteo Berrettini,00:08:33,1,2,15,0,0,0,1,30,0,1,1,1,8,7,0,0,0,0,1,0,B,0,0,0,0,0,0,0,0,0,0,0,0,0,0,6.632,10.454,3,129.0,BW,NCTL,ND,0 days 00:08:33,513.0,15,1,0.6,0.5,3,0,2.0,0.0,1,1,1,0,0,0,41.0,4.328769560733889,P1_Strong
2023-wimbledon-1302,Alexander Zverev,Matteo Berrettini,00:09:00,1,2,16,0,0,0,1,40,0,1,1,1,9,7,1,0,0,0,0,0,0,0,0,0,0,0,0,0,0,0,0,0,0,0,0,3.931,4.061,1,131.0,BC,CTL,D,0 days 00:09:00,540.0,16,2,0.6,0.5,4,0,3.0,0.0,1,1,1,0,0,0,27.0,5.087194169519211,P1_Strong
2023-wimbledon-1302,Alexander Zverev,Matteo Berrettini,00:09:38,1,3,17,0,0,1,1,0,0,2,1,2,9,8,0,0,0,0,0,0,0,0,0,0,0,0,0,0,0,0,0,0,0,0,0,4.711,6.084,1,114.0,W,CTL,ND,0 days 00:09:38,578.0,17,1,0.8,0.6,0,1,4.0,0.0,0,1,2,0,0,0,38.0,4.335450286128827,P1_Strong
2023-wimbledon-1302,Alexander Zverev,Matteo Berrettini,00:10:00,1,3,18,0,0,1,1,0,15,2,2,1,10,8,0,0,0,0,0,0,0,0,0,0,1,0,0,0,0,0,0,0,0,0,0,33.676,12.902,4,107.0,BC,NCTL,D,0 days 00:10:00,600.0,18,2,0.8,0.6,1,0,0.0,1.0,0,0,2,0,0,0,22.0,5.787202818867789,P1_Strong
2023-wimbledon-1302,Alexander Zverev,Matteo Berrettini,00:10:46,1,3,19,0,0,1,1,15,15,2,1,2,10,9,0,0,0,0,0,1,F,0,0,0,0,0,0,0,0,0,0,0,0,0,0,14.696,4.662,3,118.0,W,NCTL,ND,0 days 00:10:46,646.0,19,1,0.8,0.6,0,1,1.0,0.0,0,1,2,0,0,0,46.0,5.021458762490433,P1_Strong
2023-wimbledon-1302,Alexander Zverev,Matteo Berrettini,00:11:13,1,3,20,0,0,1,1,15,30,2,1,2,10,10,0,0,0,0,0,0,0,0,0,0,0,0,0,0,0,0,0,0,0,0,0,5.771,4.452,1,122.0,C,NCTL,D,0 days 00:11:13,673.0,20,0,0.6,0.6,0,2,0.0,1.0,0,1,2,0,0,0,27.0,4.206029587240625,P1_Strong
2023-wimbledon-1302,Alexander Zverev,Matteo Berrettini,00:11:40,1,3,21,0,0,1,1,15,40,2,2,2,10,11,2,0,0,0,0,0,0,0,0,0,0,0,0,0,0,0,0,0,0,0,0,20.07,10.717,3,106.0,BC,NCTL,ND,0 days 00:11:40,700.0,21,-1,0.4,0.5,0,3,0.0,2.0,0,1,2,0,0,0,27.0,3.341908995495812,P1_Strong
2023-wimbledon-1302,Alexander Zverev,Matteo Berrettini,00:14:11,1,4,22,0,0,1,2,0,0,1,1,1,11,11,0,0,0,0,0,0,0,0,0,0,0,1,0,1,0,0,0,0,0,0,0,19.797,24.02,5,134.0,BC,CTL,ND,0 days 00:14:11,851.0,22,0,0.2,0.5,1,0,0.0,3.0,1,1,3,0,0,0,151.0,3.925070815585896,P1_Strong
2023-wimbledon-1302,Alexander Zverev,Matteo Berrettini,00:14:42,1,4,23,0,0,1,2,15,0,1,1,1,12,11,0,0,0,0,1,0,F,0,0,0,0,0,0,0,0,0,0,0,0,0,0,5.527,9.473,3,135.0,W,NCTL,ND,0 days 00:14:42,882.0,23,1,0.4,0.6,2,0,1.0,0.0,1,1,3,0,0,0,31.0,4.561569399274179,P1_Strong
2023-wimbledon-1302,Alexander Zverev,Matteo Berrettini,00:15:09,1,4,24,0,0,1,2,30,0,1,1,2,12,12,0,0,0,0,0,0,0,0,0,1,0,0,0,0,0,0,0,0,0,0,0,22.044,19.279,4,124.0,W,NCTL,ND,0 days 00:15:09,909.0,24,0,0.4,0.6,0,1,2.0,0.0,1,0,3,0,0,0,27.0,2.931876472827157,P1_Strong
2023-wimbledon-1302,Alexander Zverev,Matteo Berrettini,00:15:54,1,4,25,0,0,1,2,30,15,1,1,1,13,12,0,0,0,0,0,0,0,0,0,0,1,0,0,0,0,0,0,0,0,0,0,19.56,24.45,5,128.0,W,CTL,ND,0 days 00:15:54,954.0,25,1,0.4,0.5,1,0,0.0,1.0,1,1,3,0,0,0,45.0,3.5232389433706137,P1_Strong
2023-wimbledon-1302,Alexander Zverev,Matteo Berrettini,00:16:30,1,4,26,0,0,1,2,40,15,1,1,1,14,12,1,0,0,0,0,0,0,0,0,0,0,0,0,0,0,0,0,0,0,0,0,5.568,6.851,1,133.0,C,CTL,D,0 days 00:16:30,990.0,26,2,0.6,0.5,2,0,1.0,0.0,1,1,3,0,0,0,36.0,4.167774164503201,P1_Strong
2023-wimbledon-1302,Alexander Zverev,Matteo Berrettini,00:17:03,1,5,27,0,0,2,2,0,0,2,2,2,14,13,0,0,0,0,0,0,0,0,0,0,0,0,0,0,0,0,0,0,0,0,0,4.021,3.404,1,106.0,C,NCTL,Unknown,0 days 00:17:03,1023.0,27,1,0.8,0.5,0,1,2.0,0.0,0,1,4,0,0,0,33.0,3.434418681213137,P1_Strong
2023-wimbledon-1302,Alexander Zverev,Matteo Berrettini,00:17:38,1,5,28,0,0,2,2,0,15,2,1,2,14,14,0,0,0,0,0,0,0,0,0,0,0,0,0,0,0,0,0,0,0,0,0,5.715,4.396,1,123.0,C,NCTL,D,0 days 00:17:38,1058.0,28,0,0.6,0.5,0,2,0.0,1.0,0,1,4,0,0,0,35.0,2.6507303075888737,P1_Strong
2023-wimbledon-1302,Alexander Zverev,Matteo Berrettini,00:17:59,1,5,29,0,0,2,2,0,30,2,2,1,15,14,0,0,0,0,0,0,0,0,0,0,1,0,0,0,0,0,0,0,0,0,0,12.276,11.873,4,104.0,BW,NCTL,D,0 days 00:17:59,1079.0,29,1,0.4,0.4,1,0,0.0,2.0,0,0,4,0,0,0,21.0,4.136177239898634,P1_Strong
2023-wimbledon-1302,Alexander Zverev,Matteo Berrettini,00:18:42,1,5,30,0,0,2,2,15,30,2,1,2,15,15,0,0,0,1,0,1,0,0,0,0,0,0,0,0,0,0,0,0,0,0,0,1.222,0.778,1,125.0,W,CTL,NA_ace,0 days 00:18:42,1122.0,30,0,0.6,0.5,0,1,1.0,0.0,0,1,4,0,0,0,43.0,3.4034536951006618,P1_Strong
2023-wimbledon-1302,Alexander Zverev,Matteo Berrettini,00:19:07,1,5,31,0,0,2,2,15,40,2,1,2,15,16,2,0,0,0,0,0,0,0,0,0,0,0,0,0,0,0,0,0,0,0,0,6.431,4.514,1,114.0,W,NCTL,D,0 days 00:19:07,1147.0,31,-1,0.4,0.5,0,2,0.0,1.0,0,1,4,0,0,0,25.0,2.620384621198648,P1_Strong
2023-wimbledon-1302,Alexander Zverev,Matteo Berrettini,00:20:46,1,6,32,0,0,2,3,0,0,1,1,1,16,16,0,0,0,0,1,0,B,0,0,0,0,0,0,0,0,0,0,0,0,0,0,22.039,23.524,7,125.0,BW,NCTL,ND,0 days 00:20:46,1246.0,32,0,0.2,0.5,1,0,0.0,2.0,1,1,5,0,0,0,99.0,3.217976928774675,P1_Strong
2023-wimbledon-1302,Alexander Zverev,Matteo Berrettini,00:21:20,1,6,33,0,0,2,3,15,0,1,2,2,16,17,0,0,0,0,0,0,0,0,0,0,0,0,0,0,0,0,0,0,0,0,0,28.643,25.824,6,95.0,B,NCTL,D,0 days 00:21:20,1280.0,33,-1,0.4,0.5,0,1,1.0,0.0,1,0,5,0,0,0,34.0,1.6151558517376432,P1_Slight
2023-wimbledon-1302,Alexander Zverev,Matteo Berrettini,00:22:18,1,6,34,0,0,2,3,15,15,1,1,1,17,17,0,0,0,0,0,0,0,0,0,0,0,0,0,0,0,0,0,0,0,0,0,8.482,7.419,1,133.0,C,NCTL,D,0 days 00:22:18,1338.0,34,0,0.4,0.4,1,0,0.0,1.0,1,1,5,0,0,0,58.0,2.2328527347028904,P1_Strong
2023-wimbledon-1302,Alexander Zverev,Matteo Berrettini,00:22:42,1,6,35,0,0,2,3,30,15,1,1,1,18,17,0,0,0,0,0,0,0,0,0,0,0,0,0,0,0,0,0,0,0,0,0,2.78,4.2,1,129.0,C,NCTL,ND,0 days 00:22:42,1362.0,35,1,0.4,0.5,2,0,1.0,0.0,1,1,5,0,0,0,24.0,2.903195680008833,P1_Strong
2023-wimbledon-1302,Alexander Zverev,Matteo Berrettini,00:23:04,1,6,36,0,0,2,3,40,15,1,1,1,19,17,1,0,0,0,0,0,0,0,0,0,0,1,0,1,0,0,0,0,0,0,0,11.155,18.797,3,122.0,W,NCTL,ND,0 days 00:23:04,1384.0,36,2,0.6,0.5,3,0,2.0,0.0,1,1,5,0,0,0,22.0,3.625131766408656,P1_Strong
2023-wimbledon-1302,Alexander Zverev,Matteo Berrettini,00:23:48,1,7,37,0,0,3,3,0,0,2,1,2,19,18,0,0,0,0,0,0,0,0,0,0,0,0,0,0,0,0,0,0,0,0,0,6.455,4.369,1,115.0,W,CTL,ND,0 days 00:23:48,1428.0,37,1,0.8,0.5,0,1,3.0,0.0,0,1,6,0,0,0,44.0,2.902629131080483,P1_Strong
2023-wimbledon-1302,Alexander Zverev,Matteo Berrettini,00:24:10,1,7,38,0,0,3,3,0,15,2,1,2,19,19,0,0,0,1,0,1,0,0,0,0,0,0,0,0,0,0,0,0,0,0,0,1.184,0.736,1,118.0,W,CTL,NA_ace,0 days 00:24:10,1450.0,38,0,0.6,0.5,0,2,0.0,1.0,0,1,6,0,0,0,22.0,2.129576548458873,P1_Strong
2023-wimbledon-1302,Alexander Zverev,Matteo Berrettini,00:24:32,1,7,39,0,0,3,3,0,30,2,1,2,19,20,0,0,0,0,0,0,0,0,0,0,0,0,0,0,0,0,0,0,0,0,0,5.556,2.859,1,116.0,W,NCTL,D,0 days 00:24:32,1472.0,39,-1,0.6,0.5,0,3,0.0,2.0,0,1,6,0,0,0,22.0,1.3069850174896955,P1_Slight
2023-wimbledon-1302,Alexander Zverev,Matteo Berrettini,00:24:56,1,7,40,0,0,3,3,0,40,2,1,2,19,21,2,0,0,1,0,1,0,0,0,0,0,0,0,0,0,0,0,0,0,0,0,1.498,0.816,1,121.0,C,NCTL,NA_ace,0 days 00:24:56,1496.0,40,-2,0.4,0.4,0,4,0.0,3.0,0,1,6,0,0,0,24.0,0.43584531713990154,Neutral
2023-wimbledon-1302,Alexander Zverev,Matteo Berrettini,00:26:43,1,8,41,0,0,3,4,0,0,1,1,2,19,22,0,0,0,0,0,0,0,0,0,1,0,0,0,0,0,0,0,0,0,0,0,36.345,38.814,10,125.0,W,NCTL,D,0 days 00:26:43,1603.0,41,-3,0.2,0.4,0,5,0.0,4.0,1,0,7,0,0,0,107.0,-1.72671774304905,P2_Slight
2023-wimbledon-1302,Alexander Zverev,Matteo Berrettini,00:27:19,1,8,42,0,0,3,4,0,15,1,1,1,20,22,0,0,0,0,0,0,0,0,0,0,0,0,0,0,0,0,0,0,0,0,0,4.229,3.872,1,131.0,BW,NCTL,ND,0 days 00:27:19,1639.0,42,-2,0.0,0.4,1,0,0.0,5.0,1,1,7,0,0,0,36.0,-1.0421833881880689,P2_Slight
2023-wimbledon-1302,Alexander Zverev,Matteo Berrettini,00:27:46,1,8,43,0,0,3,4,15,15,1,1,2,20,23,0,0,0,0,0,0,0,0,0,1,0,0,0,0,0,0,0,0,0,0,0,28.271,36.83,10,127.0,W,NCTL,ND,0 days 00:27:46,1666.0,43,-3,0.2,0.4,0,1,1.0,0.0,1,0,7,0,0,0,27.0,-2.559801258885846,P2_Strong
2023-wimbledon-1302,Alexander Zverev,Matteo Berrettini,00:28:29,1,8,44,0,0,3,4,15,30,1,2,2,20,24,0,0,0,0,0,0,0,0,0,1,0,0,0,0,0,0,0,0,0,0,0,7.168,8.783,2,112.0,BC,CTL,ND,0 days 00:28:29,1709.0,44,-4,0.2,0.4,0,2,0.0,1.0,1,0,7,0,0,0,43.0,-4.200912926015821,P2_Strong
2023-wimbledon-1302,Alexander Zverev,Matteo Berrettini,00:29:22,1,8,45,0,0,3,4,15,40,1,2,2,20,25,2,0,0,0,0,0,0,0,0,1,0,0,0,0,0,0,1,0,1,0,0,6.191,7.371,2,98.0,BC,NCTL,D,0 days 00:29:22,1762.0,45,-5,0.2,0.3,0,3,0.0,2.0,1,0,7,0,1,1,53.0,-6.886125436726273,P2_Strong
2023-wimbledon-1302,Alexander Zverev,Matteo Berrettini,00:30:22,1,9,46,0,0,3,5,0,0,2,2,1,21,25,0,0,0,0,0,0,0,0,0,0,1,0,0,0,0,0,0,0,0,0,0,8.128,7.101,2,101.0,B,NCTL,ND,0 days 00:30:22,1822.0,46,-4,0.2,0.2,1,0,0.0,3.0,0,0,8,0,0,0,60.0,-5.209941389530209,P2_Strong
2023-wimbledon-1302,Alexander Zverev,Matteo Berrettini,00:31:01,1,9,47,0,0,3,5,15,0,2,1,2,21,26,0,0,0,0,0,0,0,0,0,0,0,0,0,0,0,0,0,0,0,0,0,6.102,4.483,1,129.0,C,NCTL,D,0 days 00:31:01,1861.0,47,-5,0.4,0.2,0,1,1.0,0.0,0,1,8,0,0,0,39.0,-5.755742561739605,P2_Strong
2023-wimbledon-1302,Alexander Zverev,Matteo Berrettini,00:31:26,1,9,48,0,0,3,5,15,15,2,1,1,22,26,0,0,0,0,0,0,0,0,0,0,1,0,0,0,0,0,0,0,0,0,0,6.412,4.971,2,129.0,C,NCTL,ND,0 days 00:31:26,1886.0,48,-4,0.2,0.2,1,0,0.0,1.0,0,0,8,0,0,0,25.0,-4.102166172043274,P2_Strong
2023-wimbledon-1302,Alexander Zverev,Matteo Berrettini,00:31:55,1,9,49,0,0,3,5,30,15,2,1,2,22,27,0,0,0,0,0,0,0,0,0,0,0,0,0,0,0,0,0,0,0,0,0,12.764,7.224,1,130.0,W,CTL,ND,0 days 00:31:55,1915.0,49,-5,0.4,0.3,0,1,1.0,0.0,0,1,8,0,0,0,29.0,-4.670122848602409,P2_Strong
2023-wimbledon-1302,Alexander Zverev,Matteo Berrettini,00:32:23,1,9,50,0,0,3,5,30,30,2,1,2,22,28,0,0,0,0,0,0,0,0,0,0,0,0,0,0,0,0,0,0,0,0,0,4.444,2.289,1,119.0,W,CTL,ND,0 days 00:32:23,1943.0,50,-6,0.4,0.3,0,2,0.0,1.0,0,1,8,0,0,0,28.0,-5.291720391630361,P2_Strong
2023-wimbledon-1302,Alexander Zverev,Matteo Berrettini,00:32:50,1,9,51,0,0,3,5,30,40,2,1,2,22,29,2,2,0,0,0,0,0,0,0,0,0,0,1,0,1,0,0,0,0,0,0,17.785,14.59,3,127.0,C,NCTL,ND,0 days 00:32:50,1970.0,51,-7,0.4,0.3,0,3,0.0,2.0,0,1,8,0,0,0,27.0,-5.965885983797754,P2_Strong
2023-wimbledon-1302,Alexander Zverev,Matteo Berrettini,00:35:02,2,1,52,0,1,0,0,0,0,1,1,1,23,29,0,0,0,0,1,0,B,0,0,0,0,0,0,0,0,0,0,0,0,0,0,12.678,9.305,3,133.0,C,CTL,ND,0 days 00:35:02,2102.0,52,-6,0.2,0.3,1,0,0.0,3.0,1,1,0,1,0,0,132.0,-5.196568264121798,P2_Strong
2023-wimbledon-1302,Alexander Zverev,Matteo Berrettini,00:35:26,2,1,53,0,1,0,0,15,0,1,1,1,24,29,0,0,0,0,0,0,0,0,0,0,0,1,0,1,0,0,0,0,0,0,0,10.698,15.154,3,130.0,BW,NCTL,ND,0 days 00:35:26,2126.0,53,-5,0.4,0.3,2,0,1.0,0.0,1,1,0,1,0,0,24.0,-4.377636898839363,P2_Strong
2023-wimbledon-1302,Alexander Zverev,Matteo Berrettini,00:35:54,2,1,54,0,1,0,0,30,0,1,1,1,25,29,0,0,0,0,1,0,B,0,0,0,0,1,0,1,0,0,0,0,0,0,0,15.229,18.589,5,122.0,BW,NCTL,ND,0 days 00:35:54,2154.0,54,-4,0.4,0.4,3,0,2.0,0.0,1,1,0,1,0,0,28.0,-3.5100841608625752,P2_Strong
2023-wimbledon-1302,Alexander Zverev,Matteo Berrettini,00:36:23,2,1,55,0,1,0,0,40,0,1,1,1,26,29,1,0,0,0,1,0,0,0,0,0,0,0,0,0,0,0,0,0,0,0,0,5.137,5.981,1,131.0,C,CTL,D,0 days 00:36:23,2183.0,55,-3,0.6,0.5,4,0,3.0,0.0,1,1,0,1,0,0,29.0,-2.5948824776453234,P2_Strong
2023-wimbledon-1302,Alexander Zverev,Matteo Berrettini,00:37:24,2,2,56,0,1,1,0,0,0,2,1,2,26,30,0,0,0,0,0,1,F,0,0,0,0,0,1,0,1,0,0,0,0,0,0,8.712,7.871,3,127.0,C,NCTL,ND,0 days 00:37:24,2244.0,56,-4,0.8,0.6,0,1,4.0,0.0,0,1,1,1,0,0,61.0,-3.192984828092417,P2_Strong
2023-wimbledon-1302,Alexander Zverev,Matteo Berrettini,00:37:52,2,2,57,0,1,1,0,0,15,2,1,2,26,31,0,0,0,0,0,1,F,0,0,0,0,0,1,0,1,0,0,0,0,0,0,17.218,15.389,5,121.0,C,NCTL,D,0 days 00:37:52,2272.0,57,-5,0.8,0.5,0,2,0.0,1.0,0,1,1,1,0,0,28.0,-3.8441251315305682,P2_Strong
2023-wimbledon-1302,Alexander Zverev,Matteo Berrettini,00:38:23,2,2,58,0,1,1,0,0,30,2,2,1,27,31,0,0,0,0,0,0,0,0,1,0,1,0,0,0,0,0,0,0,0,0,0,1.945,1.907,0,99.0,C,CTL,Unknown,0 days 00:38:23,2303.0,58,-4,0.6,0.5,1,0,0.0,2.0,0,0,1,1,0,0,31.0,-2.2287810904384187,P2_Strong
2023-wimbledon-1302,Alexander Zverev,Matteo Berrettini,00:39:01,2,2,59,0,1,1,0,15,30,2,2,2,27,32,0,0,0,0,0,0,0,0,0,1,0,0,0,0,0,0,0,0,0,0,0,11.353,14.814,3,105.0,B,NCTL,ND,0 days 00:39:01,2341.0,59,-5,0.6,0.5,0,1,1.0,0.0,0,1,1,1,0,0,38.0,-2.83420546862965,P2_Strong
2023-wimbledon-1302,Alexander Zverev,Matteo Berrettini,00:39:42,2,2,60,0,1,1,0,15,40,2,1,2,27,33,2,0,0,1,0,1,0,0,0,0,0,0,0,0,0,0,0,0,0,0,0,2.164,0.861,1,117.0,W,CTL,NA_ace,0 days 00:39:42,2382.0,60,-6,0.4,0.5,0,2,0.0,1.0,0,1,1,1,0,0,41.0,-3.4925213592570574,P2_Strong
2023-wimbledon-1302,Alexander Zverev,Matteo Berrettini,00:40:14,2,3,61,0,1,1,1,0,0,1,1,1,28,33,0,0,0,0,0,0,0,0,0,0,0,0,0,0,0,0,0,0,0,0,0,10.748,8.028,1,131.0,C,CTL,Unknown,0 days 00:40:14,2414.0,61,-5,0.2,0.5,1,0,0.0,2.0,1,1,2,1,0,0,32.0,-2.7726709320719163,P2_Strong
2023-wimbledon-1302,Alexander Zverev,Matteo Berrettini,00:40:38,2,3,62,0,1,1,1,15,0,1,1,1,29,33,0,0,1,0,1,0,0,0,0,0,0,0,0,0,0,0,0,0,0,0,0,0.95,1.106,1,131.0,W,CTL,NA_ace,0 days 00:40:38,2438.0,62,-4,0.4,0.6,2,0,1.0,0.0,1,1,2,1,0,0,24.0,-2.002217513430478,P2_Strong
2023-wimbledon-1302,Alexander Zverev,Matteo Berrettini,00:40:56,2,3,63,0,1,1,1,30,0,1,1,1,30,33,0,0,1,0,1,0,0,0,0,0,0,0,0,0,0,0,0,0,0,0,0,0.913,0.967,1,121.0,W,CTL,NA_ace,0 days 00:40:56,2456.0,63,-3,0.6,0.6,3,0,2.0,0.0,1,1,2,1,0,0,18.0,-1.1821731631618684,P2_Slight
2023-wimbledon-1302,Alexander Zverev,Matteo Berrettini,00:41:13,2,3,64,0,1,1,1,40,0,1,1,1,31,33,1,0,1,0,1,0,0,0,0,0,0,0,0,0,0,0,0,0,0,0,0,0.628,0.911,1,126.0,C,NCTL,NA_ace,0 days 00:41:13,2473.0,64,-2,0.6,0.6,4,0,3.0,0.0,1,1,2,1,0,0,17.0,-0.31352969989863094,Neutral
2023-wimbledon-1302,Alexander Zverev,Matteo Berrettini,00:43:00,2,4,65,0,1,2,1,0,0,2,1,2,31,34,0,0,0,1,0,1,0,0,0,0,0,0,0,0,0,0,0,0,0,0,0,1.486,0.654,1,113.0,W,CTL,NA_ace,0 days 00:43:00,2580.0,65,-3,0.8,0.6,0,1,4.0,0.0,0,1,3,1,0,0,107.0,-0.9572591059006583,Neutral
2023-wimbledon-1302,Alexander Zverev,Matteo Berrettini,00:43:22,2,4,66,0,1,2,1,0,15,2,2,2,31,35,0,0,0,0,0,1,F,0,0,0,0,0,0,0,0,0,0,0,0,0,0,34.081,20.436,5,106.0,B,NCTL,ND,0 days 00:43:22,2602.0,66,-4,0.8,0.5,0,2,0.0,1.0,0,1,3,1,0,0,22.0,-1.6531139237826453,P2_Slight
2023-wimbledon-1302,Alexander Zverev,Matteo Berrettini,00:44:09,2,4,67,0,1,2,1,0,30,2,2,2,31,36,0,0,0,0,0,0,0,0,0,1,0,0,0,0,0,0,0,0,0,0,0,4.017,3.984,1,108.0,BC,NCTL,ND,0 days 00:44:09,2649.0,67,-5,0.6,0.5,0,3,0.0,2.0,0,1,3,1,0,0,47.0,-2.4000516453069927,P2_Strong
2023-wimbledon-1302,Alexander Zverev,Matteo Berrettini,00:44:45,2,4,68,0,1,2,1,0,40,2,1,2,31,37,2,0,0,0,0,0,0,0,0,0,0,0,0,0,0,0,0,0,0,0,0,10.645,7.542,1,120.0,C,CTL,ND,0 days 00:44:45,2685.0,68,-6,0.4,0.5,0,4,0.0,3.0,0,1,3,1,0,0,36.0,-3.197050612400853,P2_Strong
2023-wimbledon-1302,Alexander Zverev,Matteo Berrettini,00:45:22,2,5,69,0,1,2,2,0,0,1,2,1,32,37,0,0,0,0,1,0,B,0,0,0,0,1,0,1,0,0,0,0,0,0,0,7.694,7.953,3,104.0,C,NCTL,ND,0 days 00:45:22,2722.0,69,-5,0.2,0.4,1,0,0.0,4.0,1,1,4,1,0,0,37.0,-2.483109600152836,P2_Strong
2023-wimbledon-1302,Alexander Zverev,Matteo Berrettini,00:46:04,2,5,70,0,1,2,2,15,0,1,1,1,33,37,0,0,0,0,1,0,B,0,0,0,0,1,0,1,0,0,0,0,0,0,0,19.77,23.829,7,124.0,C,NCTL,ND,0 days 00:46:04,2764.0,70,-4,0.2,0.5,2,0,1.0,0.0,1,1,4,1,0,0,42.0,-1.7184474081497794,P2_Slight
2023-wimbledon-1302,Alexander Zverev,Matteo Berrettini,00:46:39,2,5,71,0,1,2,2,30,0,1,1,1,34,37,0,0,0,0,0,0,0,0,0,0,1,0,0,0,0,0,0,0,0,0,0,17.058,16.829,5,130.0,C,NCTL,D,0 days 00:46:39,2799.0,71,-3,0.4,0.6,3,0,2.0,0.0,1,1,4,1,0,0,35.0,-0.9040784599867837,Neutral
2023-wimbledon-1302,Alexander Zverev,Matteo Berrettini,00:47:13,2,5,72,0,1,2,2,40,0,1,1,1,35,37,1,0,0,0,0,0,0,0,0,0,0,0,0,0,0,0,0,0,0,0,0,6.731,6.162,1,131.0,W,CTL,ND,0 days 00:47:13,2833.0,72,-2,0.6,0.6,4,0,3.0,0.0,1,1,4,1,0,0,34.0,-0.04099689078704795,Neutral
2023-wimbledon-1302,Alexander Zverev,Matteo Berrettini,00:48:56,2,6,73,0,1,3,2,0,0,2,2,1,36,37,0,0,0,0,0,0,0,0,0,0,1,0,0,0,0,0,0,0,0,0,0,19.792,14.444,4,106.0,B,NCTL,ND,0 days 00:48:56,2936.0,73,-1,0.8,0.6,5,0,4.0,0.0,0,0,5,1,0,0,103.0,2.1136692008748463,P1_Strong
2023-wimbledon-1302,Alexander Zverev,Matteo Berrettini,00:49:37,2,6,74,0,1,3,2,15,0,2,2,2,36,38,0,0,0,0,0,1,F,0,0,0,0,0,1,0,1,0,0,0,0,0,0,19.912,15.237,5,103.0,BC,NCTL,ND,0 days 00:49:37,2977.0,74,-2,1.0,0.6,0,1,5.0,0.0,0,1,5,1,0,0,41.0,1.4213958168573495,P1_Slight
2023-wimbledon-1302,Alexander Zverev,Matteo Berrettini,00:50:25,2,6,75,0,1,3,2,15,15,2,1,2,36,39,0,0,0,0,0,1,F,0,0,0,0,0,0,0,0,0,0,0,0,0,0,19.786,11.067,3,121.0,C,NCTL,ND,0 days 00:50:25,3025.0,75,-3,0.8,0.5,0,2,0.0,1.0,0,1,5,1,0,0,48.0,0.6779679005202024,Neutral
2023-wimbledon-1302,Alexander Zverev,Matteo Berrettini,00:51:04,2,6,76,0,1,3,2,15,30,2,1,2,36,40,0,0,0,1,0,1,0,0,0,0,0,0,0,0,0,0,0,0,0,0,0,1.657,0.588,1,127.0,W,CTL,NA_ace,0 days 00:51:04,3064.0,76,-4,0.6,0.5,0,3,0.0,2.0,0,1,5,1,0,0,39.0,-0.11559145749020168,Neutral
2023-wimbledon-1302,Alexander Zverev,Matteo Berrettini,00:51:27,2,6,77,0,1,3,2,15,40,2,1,2,36,41,2,0,0,0,0,0,0,0,0,0,0,0,0,0,0,0,0,0,0,0,0,6.537,3.442,1,118.0,W,CTL,ND,0 days 00:51:27,3087.0,77,-5,0.4,0.5,0,4,0.0,3.0,0,1,5,1,0,0,23.0,-0.9582796283403978,Neutral
2023-wimbledon-1302,Alexander Zverev,Matteo Berrettini,00:52:07,2,7,78,0,1,3,3,0,0,1,1,1,37,41,0,0,0,0,1,0,F,0,0,0,0,1,0,1,0,0,0,0,0,0,0,9.082,9.059,3,131.0,C,NCTL,ND,0 days 00:52:07,3127.0,78,-4,0.2,0.5,1,0,0.0,4.0,1,1,6,1,0,0,40.0,-0.28911403577358985,Neutral
2023-wimbledon-1302,Alexander Zverev,Matteo Berrettini,00:52:37,2,7,79,0,1,3,3,15,0,1,1,1,38,41,0,0,0,0,1,0,B,0,0,0,0,0,0,0,0,0,0,0,0,0,0,8.576,11.569,3,123.0,C,NCTL,D,0 days 00:52:37,3157.0,79,-3,0.2,0.6,2,0,1.0,0.0,1,1,6,1,0,0,30.0,0.43166824494188205,Neutral
2023-wimbledon-1302,Alexander Zverev,Matteo Berrettini,00:53:04,2,7,80,0,1,3,3,30,0,1,1,1,39,41,0,0,0,0,0,0,0,0,0,0,0,0,0,0,0,0,0,0,0,0,0,3.908,4.342,1,122.0,BW,NCTL,D,0 days 00:53:04,3184.0,80,-2,0.4,0.6,3,0,2.0,0.0,1,1,6,1,0,0,27.0,1.2030348800430444,P1_Slight
